1976 3294
965 167 1250 207 ..42—

1943 0 1976 260 l

315 310 511 359 Plurima,
542 319 647 361 quae
678 312 795 360 poeta
811 305 861 346 de
878 304 1097 346 Laodamia
1127 303 1306 358 protulit,
1337 302 1438 343 nihil
1470 302 1520 343 ad
1551 314 1640 343 rem
1671 314 1914 356 oomparan·
1974 288 1976 322 i

313 369 406 409 dam
459 367 673 420 pertinent.
741 362 853 412 Quas
898 363 1173 416 digressiones
1215 360 1455 402 adhibentes
1506 364 1647 414 poetas
1699 359 1911 401 Romanos

317 427 514 466 rationem
560 422 940 463 Alexandrinorum
982 421 1162 460 imitatos
1204 431 1294 460 esse
1338 418 1581 472 colligamus
1625 430 1793 460 necesse
1837 422 1908 460 est.

314 483 418 523 Nam
455 486 596 534 poetae
640 481 699 520 illi
745 492 840 520 cum
887 491 1027 519 veram
1073 482 1264 518 naturam
1312 476 1568 518 carminibus
1614 477 1780 530 assequi
1824 488 1909 517 non

313 545 488 594 possent,
535 540 598 579 his
628 537 819 579 remediis
850 537 1058 577 sincerum
1100 535 1277 576 colorem
1309 539 1350 575 et
1379 547 1524 576 verum
1559 535 1816 587 sanguinem,
1862 537 1910 575 ut

314 601 369 638 ita
399 598 595 647 dicamus,
625 596 822 650 poematis
853 594 1020 643 dabant;
1067 592 1391 647 digressionibus
1434 593 1517 633 illis
1553 605 1597 634 se
1627 592 1915 634 enthusiasmo

313 656 440 707 lyrico
472 655 597 695 elatos
628 654 746 707 quasi
776 652 964 706 abreptos
995 652 1211 692 sententiis
1247 651 1576 692 redundantibus
1606 651 1795 691 resistere
1824 662 1908 691 non

315 725 434 767 posse
479 711 709 753 ostendunt.
771 710 956 759 Quorum
1004 710 1241 763 exemplum
1288 710 1389 762 quin
1437 709 1597 750 Catullo
1643 708 1908 750 obversatum

311 773 363 812 sit
393 784 475 811 non
506 770 752 811 dubitamus.
812 768 879 809 Sic
909 769 950 808 in
984 780 1016 809 c.
1048 766 1198 808 LXIV.
1245 768 1318 807 vix
1355 781 1379 808 a
1408 771 1518 808 recta
1564 767 1811 808 narrationis
1840 767 1910 807 via

315 830 524 882 digressus
554 830 703 868 iterum
733 828 967 879 iterumque
998 825 1160 866 aberrat
1194 827 1236 866 in
1268 838 1398 866 novas
1432 825 1610 875 fabulas;
1648 825 1912 879 explicationi

312 888 548 940 nuptiarum
580 885 691 926 Pelei
722 889 760 925 et
788 884 967 925 Thetidis
996 883 1178 924 fabulam
1210 883 1260 924 de
1291 883 1474 924 Ariadna
1510 896 1535 924 a
1563 883 1718 924 Theseo
1750 883 1910 924 deserta

312 943 495 994 inseruit,
526 944 635 984 unde
670 945 820 983 iterum
853 942 1062 995 digressus
1096 955 1132 983 v.
1167 942 1501 983 71—116initia
1515 942 1668 982 amoris
1684 941 1915 995 descripsit,

313 1009 403 1042 tum
435 1014 625 1042 reversus
654 1001 881 1041 Ariadnam
912 1000 1101 1054 querelas
1132 999 1182 1041 de
1211 999 1384 1054 perfidia
1413 1001 1597 1040 virorum
1629 999 1910 1040 effundentem

315 1060 491 1111 effinxit;
524 1059 671 1099 deinde
692 1063 911 1113 postquam
939 1063 1095 1112 patrem
1117 1057 1260 1099 Thesei
1281 1058 1417 1099 filium
1440 1058 1723 1099 adhortantem
1744 1058 1911 1098 induxit

318 1126 441 1171 atque
470 1118 659 1171 exposuit
676 1117 881 1170 quomodo
905 1117 1206 1157 exsecrationes
1237 1116 1445 1157 Ariadnae
1459 1117 1503 1156 in
1533 1116 1689 1157 Theseo
1720 1127 1912 1170 praecep-

315 1183 452 1216 torum
482 1177 607 1229 patris
623 1176 855 1215 immemori
886 1175 1131 1226 evenissent,
1161 1175 1328 1215 tandem
1349 1188 1387 1215 v,
1410 1175 1494 1216 266
1518 1174 1618 1215 illuc
1633 1174 1768 1226 rediit,
1797 1173 1910 1214 unde

316 1247 353 1275 v.
370 1235 424 1273 52
443 1233 652 1286 digressus
682 1240 778 1273 erat.
807 1233 874 1273 Sic
896 1233 1008 1273 hunc
1028 1234 1070 1272 in
1094 1233 1231 1273 locum
1252 1232 1440 1273 Catullus
1461 1234 1560 1273 satis
1581 1233 1699 1273 docte
1728 1233 1912 1285 itemque

313 1293 412 1332 satis
429 1291 530 1332 dure
551 1292 744 1332 innexuit
764 1291 1010 1332 Laodamiae
1039 1290 1234 1332 fabulam.
1281 1290 1552 1345 Comparatur
1580 1291 1648 1331 hic
1676 1290 1848 1332 Lesbiae
1863 1291 1908 1330 in

311 1362 477 1400 gressus
492 1351 534 1389 in
553 1350 723 1389 domum
740 1349 839 1389 Allii
857 1362 952 1389 cum
970 1349 1214 1390 Laodamiae
1235 1361 1375 1390 amore
1396 1349 1612 1402 flagrantis
1640 1353 1681 1390 et
1696 1353 1912 1389 venustate

311 1407 685 1460 exsplendescentis
715 1409 757 1447 in
790 1408 958 1447 domum
991 1407 1206 1448 Protesilai
1235 1409 1437 1460 ingressu.
1470 1405 1713 1448 Communis
1742 1407 1912 1460 utrique

313 1465 472 1519 puellae
503 1470 564 1506 est
593 1465 771 1518 flagrans
816 1478 932 1505 amor
962 1467 1097 1518 amati,
1144 1478 1226 1519 quo
1258 1471 1305 1506 ut
1348 1467 1438 1506 viro
1483 1466 1593 1506 ultro
1638 1478 1683 1506 se
1728 1465 1917 1516 offerant,

310 1524 544 1564 incitantur.
578 1549 631 1553 —
663 1523 889 1564 Historiam
921 1523 1177 1576 Laodamiae,
1210 1537 1335 1577 quam
1360 1524 1529 1577 quidem
1547 1525 1708 1564 noverit
1723 1522 1917 1565 Catullus·

311 1588 350 1621 et
387 1582 430 1621 in
462 1582 538 1622 hoo
580 1594 745 1622 carmen
790 1583 1023 1634 inseruerit,
1069 1582 1311 1622 brevissime
1342 1594 1535 1623 enarrare
1566 1582 1695 1623 liceat.
1756 1583 1912 1622 Amore

309 1641 475 1680 incensa
520 1639 740 1680 Laodamia
787 1640 966 1693 neglegit
1010 1653 1138 1690 sacra,
1201 1652 1308 1694 quae
1369 1645 1467 1681 sunt
1525 1640 1712 1681 facienda
1756 1640 1912 1681 Veneri

310 1698 471 1751 diisque
501 1699 739 1751 nuptiarum
770 1699 965 1752 patronis,
996 1703 1036 1739 et
1080 1698 1190 1739 ultro
1236 1699 1351 1739 venit
1395 1700 1437 1739 in
1475 1698 1693 1740 Protesilai
1738 1699 1912 1739 domum

311 1756 494 1795 nondum
526 1757 602 1796 rite
634 1761 924 1797 consecratam.
956 1755 1090 1805 Quam
1123 1757 1236 1797 brevi
1268 1757 1333 1797 dei
1363 1769 1496 1811 poena
1527 1756 1724 1798 afficiunt.
1770 1755 1912 1797 Placet
1966 1753 1971 1758 ’

310 1813 452 1854 Parcis
483 1818 529 1854 ut
560 1813 812 1855 Graecorum
858 1815 985 1855 duces
1030 1814 1215 1855 Helenae
1251 1819 1372 1868 raptu
1408 1816 1500 1855 irati
1539 1815 1693 1855 bellum
1731 1814 1911 1855 inferant

307 1870 506 1921 Troianis,
543 1876 588 1912 ut
626 1871 878 1913 Protesilaus
917 1885 1085 1926 quoque
1131 1873 1181 1912 ad
1227 1872 1380 1913 bellum
1428 1872 1722 1926 proficiscatur.
1798 1872 1913 1913 Perit

310 1930 495 1980 maritus,
547 1942 669 1983 quem
715 1936 930 1971 mortuum
974 1930 1089 1984 luget
1133 1930 1355 1971 Laodamia
1399 1943 1584 1972 maerore
1629 1931 1822 1972 confecta.
1854 1954 1908 1960 —-

310 1991 447 2040 Atque
492 1988 535 2027 in
582 1988 657 2028 hac
702 1989 790 2042 ipsa
835 1988 1087 2041 digressione
1133 2001 1462 2030 commemorans
1502 1988 1677 2041 Troiam,
1721 1988 1795 2030 ubi
1831 1989 1911 2029 viri

307 2045 517 2085 fortissimi
549 2045 751 2099 obierunt,
783 2046 854 2087 ubi
884 2047 1009 2087 frater
1047 2059 1214 2100 quoque
1250 2048 1375 2088 unice
1412 2047 1587 2088 dilectus
1623 2051 1814 2088 mortuus
1850 2051 1912 2087 est

311 2104 461 2144 iterum
494 2104 723 2156 digreditur
763 2111 881 2158 poeta
927 2110 968 2145 et
1014 2105 1204 2158 querelas
1248 2105 1402 2159 profert
1447 2106 1586 2146 dolore
1631 2105 1826 2159 abreptus
1871 2110 1912 2145 et

313 2163 430 2214 quasi
467 2175 627 2202 memor
656 2162 768 2203 illius
800 2163 911 2216 quod
943 2175 975 2203 c.
1006 2162 1138 2214 LXV,
1178 2166 1228 2204 11
1263 2164 1390 2203 dixit:
1425 2176 1610 2218 „semper
1646 2167 1802 2204 maesta
1838 2166 1910 2204 tua

307 2221 488 2260 carmina
534 2224 666 2261 morte
711 2222 892 2262 canam.“
924 2245 979 2251 —
1019 2220 1247 2262 Historiam
1280 2220 1525 2262 Laodamiae
1556 2222 1667 2263 unde
1713 2222 1912 2275 receperit

310 2277 496 2318 Catullus
527 2279 776 2319 dissentiunt
805 2280 885 2319 viri
916 2279 1034 2320 docti.
1066 2278 1315 2333 Nuperrime
1345 2281 1549 2334 imprimis
1580 2279 1909 2334 Kiesslingius1)

311 2340 350 2375 et
380 2335 657 2377 Baehrensius
673 2338 708 2389 2)
740 2337 790 2377 de
820 2338 896 2377 hac
926 2349 971 2378 re
1002 2337 1329 2388 disputaverunt.
1368 2337 1516 2379 Neutri
1547 2339 1736 2379 assentiri
1765 2350 1911 2392 possu-

307 2405 412 2433 mus.
472 2393 761 2447 Baehrensius,
808 2408 1063 2449 quamquam
1109 2397 1207 2436 satis
1237 2397 1378 2437 reiecit
1414 2395 1631 2451 Kieslingii
1661 2397 1911 2450 opinionem,

308 2452 380 2503 qui
411 2451 517 2492 dicat
548 2452 755 2493 Catullum
788 2453 975 2494 hausisse
1007 2466 1060 2494 ex
1090 2453 1302 2508 Euripidis
1346 2455 1556 2508 tragoedia
1600 2454 1911 2506 ,‚Protesilaus“,

307 2514 495 2560 attamen,
527 2523 619 2550 cum
668 2515 784 2564 putet
829 2510 1038 2552 Catullum
1084 2512 1252 2566 aliquod
1300 2512 1480 2566 epyllion
1526 2513 1910 2554 Alexandrinorum

308 2565 359 2605 ob
391 2567 531 2608 oculos
563 2568 766 2621 habuisse,
797 2582 885 2610 rem
915 2570 1068 2623 profert
1114 2583 1220 2624 quae
1263 2583 1316 2612 ne
1362 2572 1534 2611 minime
1580 2571 1747 2624 quidem
1779 2573 1912 2625 potest

307 2623 479 2677 probari.
539 2625 633 2666 Non
680 2628 820 2668 minus
865 2634 926 2668 est
972 2628 1145 2669 dubium
1200 2642 1302 2670 num
1348 2628 1537 2670 Catullus
1581 2628 1723 2670 Laevii
1767 2632 1911 2683 poetae

305 2681 757 2733 „Protesilaodamiam“
806 2686 976 2728 noverit.
1031 2686 1079 2727 Id
1126 2686 1261 2727 solum
1308 2691 1469 2728 constat
1498 2691 1594 2727 nota
1625 2688 1662 2728 ei
1691 2688 1821 2728 fuisse
1851 2699 1909 2739 ea,

308 2752 414 2793 quae
444 2740 655 2783 Homerus
686 2743 736 2783 de
766 2742 993 2785 Protesilao
1023 2744 1195 2797 protulit
1224 2746 1267 2785 in
1298 2745 1413 2786 Iliad.
1445 2744 1497 2786 II.
1561 2746 1671 2788 700:
1736 2749 1823 2797 τοῖν
1851 2744 1911 2789 αὖ

308 2797 612 2847 Πρωτεσίλαος
636 2797 807 2851 Ἀρήιος
838 2798 1095 2852 ἡγεμόνευεν
1124 2799 1223 2849 ζωὸς
1252 2799 1346 2840 ἐών·
1395 2799 1492 2839 τότε
1522 2797 1642 2854 δ”ἤδη
1674 2800 1774 2853 ἔχεν
1802 2801 1911 2842 κάτα

307 2854 407 2899 γαῖα
435 2849 629 2899 μέλαινα·
685 2852 764 2891 τοῦ
792 2851 841 2892 δὲ
870 2851 945 2892 καί
968 2850 1263 2906 οἷμφιδρυφὴς
1292 2849 1454 2905 ἄλοχος
1492 2854 1672 2910 Φυλάκῃ
1693 2855 1916 2896 ἐλέλειπτο

308 3047 372 3078 ¹¹5
410 2997 447 3087 ἐ)
468 3007 689 3080 ξέῧςηῐηωα
712 2999 1048 3044 Gryphiswaldonse‚
1084 3011 1116 3037 a.
1144 3002 1244 3037 1877.
1271 3022 1315 3027 —
1341 3002 1373 3046 ²)
1399 3000 1565 3038 Fleckeis.
1603 3013 1680 3039 ann.
1708 3006 1808 3047 1877,
1840 3002 1914 3044 vol„
