1976 3294
711 129 999 168 -25—

213 270 604 326 observationes
648 269 1182 335 criticae-exeqeticae
1227 269 1272 321 in
1317 267 1487 322 catulli

630 354 831 395 carmen
871 341 1057 394 vam.

172 462 212 502 V
236 487 281 502 z
304 473 535 502 consensus
565 460 769 502 librorum
810 460 844 502 G
877 463 918 502 et
949 460 982 501 O
1019 485 1063 500 z
1097 459 1231 501 codex
1262 458 1520 500 Veronensis
1552 469 1668 498 nunc

245 522 438 562 amissus.
837 557 839 559 .

175 581 211 622 Gr
234 606 279 621 z
303 580 441 621 codex
467 579 856 633 Sangermanensis.

176 638 210 680 O
235 665 279 680 z
303 640 436 680 codex
468 638 733 681 Oxoniensis.

182 713 205 745 ς
234 724 278 739 2
301 699 464 740 codices
496 699 749 739 recentiores
766 697 817 738 ab
834 697 950 739 Italis
973 697 1224 752 interpolati,
1257 709 1439 751 quorum
1465 708 1578 737 unus
1605 699 1669 736 est

319 757 639 811 D.:Datanus,
671 758 775 798 alter

316 817 351 858 L
370 842 415 857 Σ
443 817 550 858 liber
596 817 696 858 olim
743 816 960 858 Laurentii
1006 815 1206 870 Santenii,
1252 828 1359 869 quos
1404 815 1511 855 duos
1554 826 1669 854 nunc

386 876 683 976 Bglpoklinenses
714 875 1011 917 Lachmannus
1043 876 1094 916 ad
1126 880 1291 916 textum
1324 873 1667 916 constituendum

389 949 413 976 a
474 937 591 978 iuit.

174 1160 366 1202 Primum
399 1174 534 1215 pauca
564 1161 689 1202 affere
721 1161 914 1214 conabor,
948 1175 1033 1215 qua
1065 1161 1115 1201 de
1148 1173 1275 1201 causa
1312 1172 1481 1201 carmen
1515 1159 1667 1200 Catulli

30 1221 344 1272 sexagesimum
377 1225 573 1261 octavum
611 1222 653 1261 in
688 1221 792 1262 duas
830 1221 982 1275 elegias
1015 1220 1298 1261 divellendum
1340 1232 1431 1260 esse
1462 1219 1666 1260 videatur.

33 1278 148 1320 Libri
182 1280 352 1334 quidem
386 1281 464 1321 hoc
495 1293 662 1321 carmen
704 1294 838 1321 unum
880 1279 1198 1334 indivisumque
1236 1279 1510 1320 tradiderunt.
1575 1277 1668 1327 Qua

31 1340 75 1379 in
108 1351 153 1380 re
184 1339 388 1380 librorum
428 1341 672 1381 auctoritate
710 1340 895 1381 adstricti
934 1353 1019 1392 non
1057 1352 1222 1380 sumus:
1263 1343 1311 1379 ut
1349 1339 1462 1379 enim
1495 1339 1667 1379 omnino

34 1398 222 1440 ordinem
256 1399 384 1439 totius
417 1399 582 1451 Catulli,
616 1400 689 1453 qui
721 1399 842 1440 nobis
873 1399 1052 1440 traditus
1084 1402 1158 1452 est,
1199 1398 1297 1438 libri
1328 1398 1547 1439 turbatum
1577 1410 1668 1438 esse

34 1461 207 1511 constat,
237 1459 294 1499 ita
311 1471 433 1512 saepe
463 1460 508 1499 in
526 1458 741 1500 codicibus
758 1459 842 1500 duo
866 1460 1053 1499 carmina
1083 1460 1125 1499 in
1152 1471 1286 1499 unum
1309 1462 1409 1499 sunt
1431 1459 1669 1509 coniuncta,

34 1521 82 1558 ut
119 1517 311 1572 exemplo
351 1523 462 1559 utar:
508 1531 540 1559 c.
580 1520 605 1558 2
645 1522 686 1559 et
717 1531 750 1560 c.
789 1520 828 1570 3,
875 1531 907 1559 c.
952 1520 1007 1559 23
1042 1522 1082 1559 et
1113 1531 1146 1558 c.
1179 1518 1248 1570 24,
1286 1531 1319 1558 c.
1359 1518 1415 1558 38
1455 1521 1495 1558 et
1533 1530 1565 1559 c.
1599 1517 1668 1567 39,

36 1590 67 1618 c.
100 1579 155 1617 41
190 1580 229 1618 et
261 1590 293 1617 c.
326 1578 381 1617 42
415 1581 489 1618 etc.
551 1577 704 1618 Nonne
742 1578 885 1619 eodem
926 1578 1050 1618 modo
1084 1590 1231 1618 versus
1273 1578 1416 1618 1—40
1448 1580 1488 1617 et
1518 1589 1668 1617 versus

35 1637 244 1678 41--160
276 1650 412 1677 unum
443 1639 486 1677 in
521 1649 691 1677 carmen
723 1638 924 1678 contracti
956 1650 1047 1678 esse
1084 1637 1289 1691 possunt?
1353 1635 1484 1679 Certe.
1547 1635 1667 1685 Quod

35 1700 84 1736 ut
113 1695 298 1736 facerent
329 1697 550 1750 scriptores
582 1698 902 1750 commoti—„Iesse
933 1697 1037 1737 mihi
1056 1697 1253 1737 videntur
1283 1697 1491 1750 imprimis
1523 1695 1670 1736 simili-

35 1754 183 1796 tudine
227 1756 461 1809 nominum,
511 1768 619 1810 quae
650 1757 692 1796 in
742 1755 909 1797 duobus
950 1755 1210 1797 carminibus
1253 1756 1418 1796 insunt:
1463 1754 1597 1795 Mallii
1629 1759 1669 1796 et

35 1814 148 1854 Allii.
210 1813 306 1855 Duo
339 1815 543 1869 opuscula
575 1815 739 1856 diversa
771 1817 956 1857 carmine
988 1817 1251 1869 sexagesimo
1284 1819 1430 1856 octavo
1462 1816 1669 1855 contineri

32 1874 196 1927 primus
218 1876 410 1928 perpexit
426 1874 557 1916 Carol.
577 1875 687 1916 Guil.
711 1874 934 1916 Ramlerus
958 1875 1019 1928 (in
1038 1875 1190 1916 Catulli
1209 1876 1400 1916 versione
1416 1875 1669 1928 germanica,

34 1932 198 1987 Lipsiae
218 1933 362 1987 1793.)
394 1934 512 1974 Idem
528 1933 719 1975 fecerunt
734 1938 877 1988 postea
893 1935 926 1976 F
928 1934 1165 1988 roelichius,
1182 1934 1382 1988 Heysius,
1400 1933 1668 1986 Ribbeckius,

35 1991 334 2046 Westphalius,
365 1992 622 2046 Schwabius,
657 1993 710 2034 M.
727 1994 997 2047 Schmidtius,
1028 1993 1238 2046 Bergkius
1270 1993 1396 2047 (Mus.
1419 1993 1551 2035 Rhen.
1570 1992 1668 2045 XV,

30 2064 125 2106 pag.
158 2052 275 2105 513),
307 2051 534 2104 Usenerus,
565 2053 862 2104 Baehrensius,
894 2053 1060 2105 Munro,
1092 2052 1317 2094 Kroouius.
1352 2053 1495 2095 Unum
1528 2058 1668 2094 autem

35 2123 204 2152 carmen
226 2110 524 2153 Lachmannus
556 2114 712 2164 statuit,
744 2114 866 2153 cuius
898 2113 1073 2166 vestigia
1104 2114 1322 2162 ingressus
1354 2118 1416 2154 est
1439 2112 1493 2153 M.
1511 2112 1669 2167 Haupt.

37 2169 175 2218 Quam
211 2172 460 2212 sententiam
508 2172 785 2213 defenderunt
831 2171 1076 2225 Schoellius,
1123 2171 1309 2225 Ellisius,
1355 2172 1668 2224 Harneckerus,

34 2229 82 2270 B.
121 2228 390 2284 Schmidtius,
429 2231 724 2285 Kiesslingius,
767 2231 959 2284 Magnus,
1004 2244 1188 2285 quorum
1230 2231 1530 2285 explicationes
1563 2232 1667 2273 mihi

36 2288 288 2342 persuadere
318 2302 403 2330 non
435 2294 674 2344 potuerunt.
719 2290 977 2332 Sententiam
997 2304 1143 2332 eorum
1170 2291 1392 2344 repudiare
1423 2290 1573 2332 iubeor
1602 2292 1667 2332 his

37 2346 164 2388 rebus
196 2348 478 2390 consideratis.
540 2349 593 2390 Et
625 2350 706 2390 alia
737 2351 953 2391 continent
983 2363 1021 2392 v,
1053 2351 1260 2392 41-160
1292 2354 1418 2404 atque
1449 2364 1487 2392 V.
1524 2352 1668 2392 1—40

37 2409 77 2447 et
108 2406 188 2447 alio
226 2407 357 2447 animi
394 2407 545 2449 affectu
582 2413 682 2450 sunt
720 2410 874 2463 scripti.
942 2409 1068 2450 Prius
1113 2422 1283 2451 carmen
1334 2409 1439 2450 nihil
1486 2414 1548 2451 est
1585 2411 1669 2451 nisi

39 2465 216 2519 epistula
246 2466 290 2507 in
307 2468 490 2521 poeticos
507 2481 707 2509 numeros
723 2469 903 2520 redacta,
936 2482 1064 2522 quam
1096 2473 1258 2523 praeter
1274 2468 1466 2510 Mallium
1483 2470 1669 2510 amicum

39 2525 252 2566 neminem
289 2525 498 2567 lecturum
538 2539 630 2568 esse
673 2527 785 2568 haud
817 2529 902 2568 scio
950 2541 1002 2568 an
1036 2528 1227 2569 Catullus
1262 2529 1484 2582 putaverit.
1547 2527 1668 2578 Quod

40 2585 121 2624 nisi
153 2587 273 2637 esset,
319 2598 403 2626 non
451 2586 533 2627 nisi
574 2599 741 2627 summa
788 2586 1031 2628 difficultate
1063 2587 1383 2642 explicaremus,
1429 2601 1504 2629 cur
1548 2594 1670 2643 poeta

38 2655 71 2685 c.
104 2643 455 2698 68²²,v.20-—21,
488 2646 562 2699 qui
592 2647 744 2687 iterum
761 2650 991 2687 occurrunt
1006 2647 1049 2686 in
1067 2659 1100 2688 c.
1119 2645 1213 2700 681³,
1238 2660 1275 2688 V.
1293 2648 1482 2701 53—56,
1512 2648 1555 2688 in
1581 2661 1667 2689 uno

40 2702 272 2756 eodemque
295 2705 479 2745 carmine
501 2706 763 2759 repetivisset
792 2705 854 2746 vel
875 2706 1169 2760 descripsisset.
1213 2705 1453 2761 Respondet
1478 2706 1668 2749 Catullus

37 2759 179 2802 Mallio
196 2762 329 2803 amico
361 2764 546 2805 carmine
564 2765 640 2806 68Ει
658 2769 699 2806 et
714 2769 889 2806 excusat
920 2778 975 2819 se,
994 2765 1107 2819 quod
1129 2765 1184 2818 id,
1209 2766 1321 2820 quod
1340 2766 1409 2807 ille
1440 2767 1669 2821 petivisset,

37 2820 62 2861 i.
96 2832 128 2861 e.
162 2833 330 2862 carmen
362 2822 532 2864 doctum
564 2836 649 2864 non
680 2823 887 2878 praebeat.
949 2826 1007 2865 At
1038 2824 1217 2866 alterum
1249 2838 1418 2867 carmen
1457 2824 1574 2881 (68¹³)
1607 2832 1669 2868 est

41 2891 210 2920 carmen
243 2879 426 2933 doctum,
457 2886 519 2924 est
550 2884 821 2935 amatorium,
862 2883 994 2925 multo
1033 2884 1236 2926 maiorem
1274 2898 1420 2926 curam
1452 2890 1671 2940 artemque

39 2950 139 2992 prae
170 2951 215 2979 se
244 2938 385 2981 ferunt
414 2940 458 2981 hi
490 2954 639 2983 versus
672 2956 799 2996 quam
831 2956 868 2984 V.
906 2943 1061 2985 1—40.
1106 2942 1251 2985 Statim
1285 2944 1336 2985 ab
1368 2946 1487 2986 initio
1525 2945 1670 2987 altiore

40 2997 189 3051 spiritu
220 3001 356 3040 tactus
386 3000 543 3058 gratias
573 3002 657 3055 agit
687 3005 808 3057 poeta
840 3015 966 3056 quam
999 3003 1207 3044 maximas
1239 3005 1386 3056 amico,
1419 3005 1493 3058 qui
1525 3005 1670 3046 multis

36 3057 291 3111 magnisque
323 3057 470 3100 officiis
502 3071 547 3100 se
578 3072 779 3114 suamqae
810 3061 980 3111 iuverit3
1015 3062 1089 3103 sed
1120 3062 1198 3103 hoc
1230 3075 1399 3104 carmen
1432 3063 1671 3118 gratificum
