1976 3294
727 104 1020 144 —31-

49 250 316 289 monstruosa
346 246 445 288 inde
477 249 567 288 orta
598 258 691 288 esse
722 245 903 299 videtur,
949 244 1063 300 quod
1109 245 1200 286 sive
1231 245 1274 286 in
1308 244 1360 299 V,
1406 245 1495 286 sive
1531 244 1575 285 in
1607 244 1688 285 alio

1117 303 1138 324 ίί

49 347 192 402 aliquo
223 347 365 389 codice
388 350 553 389 vetusto
582 347 786 402 scriptum
813 349 876 388 est
907 318 1106 418 „mZJnHUS
1190 359 1265 401 pro
1283 359 1368 401 quo
1386 345 1423 387 G
1445 344 1688 399 „manlius“,

49 447 121 488 alii
152 447 353 502 „malius“
386 448 476 498 sive
507 447 662 489 similia
692 446 904 489 exhibent.
953 445 1088 496 Quem
1121 446 1278 488 librum
1311 447 1446 488 secuti
1476 446 1689 488 Baehren-

51 508 140 548 sius
172 511 213 548 et
244 506 290 549 B.
323 507 582 549 Schmidtius
614 508 657 548 in
689 520 728 549 v,
761 507 817 548 66
851 519 1022 560 quoque
1052 510 1287 561 posuerunt
1317 506 1516 561 „Allius“.
1565 504 1688 555 Quod

50 579 128 608 cur
159 570 383 621 spernatur
412 567 487 607 vix
518 566 712 608 idoneam
752 578 843 607 esse
875 578 1045 607 causam
1077 571 1191 620 puto,
1235 578 1334 607 cum
1374 578 1458 607 non
1497 565 1686 606 dubitem

51 627 156 680 quin
187 627 231 667 in
264 627 342 667 hoc
374 627 560 667 carmine
590 630 712 680 poeta
743 629 983 667 constanter
1029 626 1175 666 eodem
1217 626 1342 666 amici
1378 626 1551 666 nomine
1581 638 1688 666 usus

50 687 114 727 sit.
192 684 388 727 Ceterum
426 685 478 726 de
508 685 621 726 Allio
652 686 743 740 ipso
790 685 896 726 nihil
928 685 1100 738 scimus,
1132 698 1394 739 quamquam
1430 697 1536 739 gens
1573 684 1686 727 Allia

49 757 134 786 non
177 745 300 799 plane
321 746 351 798 ¹)
398 745 542 798 ignota
585 748 658 787 est..
720 743 871 786 Catulli
913 756 946 785 c.
995 745 1071 785 68⁶
1117 744 1312 786 versibus
1358 745 1536 786 41—50
1584 756 1682 785 eum

49 804 234 859 aliquem
268 816 495 845 numerum
527 803 761 845 obtinuisse
793 807 966 845 constat.
1000 830 1054 834 —
1087 803 1208 845 Falso
1240 803 1286 846 P.
1309 804 1499 857 Heysius
1531 816 1686 845 nomen

49 865 172 904 amici
190 864 331 918 posuit
347 863 541 904 Manium
573 863 766 904 Axilium
793 862 1077 916 Glabrionem,
1108 863 1201 918 (qui
1232 864 1299 904 vir
1329 867 1422 904 tum
1453 862 1687 904 consularis

49 923 276 964 admodum
310 935 441 964 senex
474 922 592 977 erat.)
626 949 681 979 ,-

190 1005 228 1035 v.
260 992 335 1035 43.
398 994 535 1048 „nec“,
599 994 710 1049 quod
764 993 804 1033 V
851 994 1032 1048 praebet,
1078 993 1390 1048 Lachmannus,
1451 994 1678 1049 Hauptius,

48 1052 295 1095 Schwabius
327 1058 613 1095 servaverunt.
657 1053 753 1094 Non
786 1057 848 1095 est
880 1066 957 1095 cur
973 1057 1188 1095 mutemus
1204 1055 1249 1094 in
1282 1054 1394 1107 „ne“,
1427 1054 1540 1108 quod
1558 1053 1687 1095 Italos

49 1114 183 1154 secuti
228 1112 498 1166 Doeringius,
543 1113 743 1167 Heysius,
806 1113 1091 1154 Baehrensius
1138 1113 1208 1154 alii
1255 1114 1526 1168 scripserunt,
1588 1126 1685 1155 cum

45 1176 243 1227 putarent
288 1177 433 1227 poetae
498 1173 564 1214 hic
611 1186 696 1213 non
758 1173 840 1213 iam
889 1177 1034 1213 votum
1098 1172 1397 1227 proferendum
1459 1185 1551 1214 esse
1613 1173 1686 1214 sed

47 1233 188 1286 potius
220 1231 518 1274 stabiliendum
551 1245 628 1273 cur
658 1233 832 1274 reticere
865 1245 950 1273 non
981 1237 1132 1287 posset.
1164 1232 1387 1273 Praeterea
1402 1232 1687 1274 Baehrensius

46 1295 234 1332 veterem
281 1293 592 1333 conIunctionis
629 1293 729 1345 3,ne“
779 1292 958 1333 formam
1005 1291 1121 1344 „nei“
1168 1293 1363 1344 restituit,
1411 1293 1565 1346 quippe
1613 1294 1687 1346 qui

47 1363 103 1392 ex
132 1350 400 1405 Ritschelii2)
440 1351 722 1406 disputatione
760 1351 952 1392 didicerit
990 1351 1105 1403 „nei“
1139 1364 1411 1392 communem
1442 1351 1574 1393 fuisse
1603 1352 1686 1393 for-

48 1423 160 1451 mam
193 1410 494 1465 particularum
530 1412 748 1465 negativae
794 1415 835 1452 et
880 1410 1191 1464 condicionalis,
1241 1424 1349 1465 quae
1397 1411 1550 1452 Catulli
1582 1415 1687 1452 tem-

46 1469 221 1524 poribus
252 1470 453 1524 paulatim
487 1475 655 1524 coeptae
703 1471 787 1511 sint
833 1470 1036 1524 distingui
1084 1470 1184 1522 „ne“
1232 1476 1273 1511 et
1319 1471 1410 1523 „ni“
1454 1471 1686 1512 scribendo.

47 1529 127 1570 Sed
160 1529 212 1570 ad
244 1543 404 1570 annum
439 1531 490 1570 71
526 1530 578 1585 (a.
594 1528 688 1570 Chr.
706 1530 761 1581 n.)
793 1530 1088 1584 inscriptiones
1106 1530 1259 1571 latinae
1290 1531 1516 1584 praecipue
1532 1530 1688 1572 habent

48 1589 179 1643 „nei“,
211 1587 293 1630 iam
327 1602 438 1630 anno
470 1590 527 1631 46
559 1602 644 1630 non
677 1590 760 1630 nisi
792 1590 909 1643 „ne“.
971 1588 1078 1630 Cum
1112 1588 1303 1631 Catullus
1334 1591 1376 1630 in
1403 1590 1476 1630 illo
1507 1591 1688 1632 transitu

46 1649 203 1689 vixerit
233 1653 274 1689 et
305 1648 400 1689 libri
432 1648 562 1690 semel
597 1648 778 1690 habeant
810 1649 917 1701 „ni“,
963 1661 995 1689 c.
1029 1650 1169 1702 61.152,
1218 1649 1281 1690 bis
1319 1650 1444 1700 „nec“
1492 1650 1556 1704 (Ξ
1588 1649 1687 1704 nei),

46 1718 95 1748 c.·
115 1707 224 1749 6259
257 1713 298 1748 et
329 1720 362 1749 c.
395 1709 497 1760 992,
535 1709 635 1762 .,ne“
674 1712 815 1749 autem
847 1708 985 1749 decies
1023 1709 1277 1761 inveniatur,
1313 1709 1560 1750 Baehrensii
1593 1722 1687 1751 sen-

46 1767 222 1807 tentiam
268 1765 413 1818 reicio3
476 1780 561 1808 non
613 1769 742 1820 „nei“,
784 1767 855 1808 sed
904 1767 1004 1821 „ne“
1052 1767 1322 1809 scribendum
1362 1773 1425 1809 est
1455 1770 1499 1809 in
1533 1768 1686 1810 Catulli

46 1826 317 1868 carminibus.

190 1909 228 1939 v.
260 1896 335 1939 44.
406 1882 586 1952 „illius“:
620 1911 718 1939 cum
749 1898 926 1939 Plautus
959 1898 1140 1939 mediam
1158 1883 1362 1951 syllabam
1381 1911 1527 1940 eorum
1560 1912 1685 1954 gene-

20 1958 231 1998 ‘tivorum
264 1957 388 1998 modo
420 1958 616 2012 corripiat
646 1958 771 1998 modo
803 1958 1018 2012 producat,
1071 1957 1261 1999 Catullus
1303 1971 1467 2013 semper
1504 1961 1684 2014 corripit

44 2028 178 2069 illius:
243 2041 275 2071 c.
315 2029 392 2080 3.38
442 2031 642 2080 c.10.331
692 2031 892 2082 c.11‘223
942 2042 974 2070 c.
1015 2030 1161 2080 61.;226
1211 2042 1243 2071 c.
1283 2031 1431 2081 64.334s
1481 2043 1513 2072 c.
1554 2031 1681 2082 66.853

45 2111 78 2141 c.
111 2100 230 2142 68..44
278 2124 335 2133 —-
383 2100 573 2141 alterius·
615 2113 646 2142 c,
682 2100 781 2141 782.
831 2124 885 2129 —
934 2100 1085 2154 ipsius:
1134 2113 1156 2140 c
1200 2101 1330 2151 64433
1376 2114 1407 2142 c.
1449 2103 1589 2145 68346
1628 2128 1683 2132 -

45 2170 193 2212 ullius:
242 2184 276 2213 c.
309 2173 379 2213 43.
429 2197 485 2202 —
532 2173 682 2213 unius:
716 2184 749 2214 c.
782 2173 852 2213 53
901 2197 955 2201 —
1004 2173 1150 2212 totius:
1197 2184 1230 2213 c
1267 2174 1391 2215 17.:1s
1426 2185 1458 2213 c.
1492 2174 1592 2215 372
1627 2198 1682 2204 —

44 2243 286 2297 utriusque:
323 2256 354 2285 c.
389 2244 508 2285 6839.
570 2242 787 2298 (Excipias
818 2243 994 2284 fortasse
1025 2230 1140 2283 illius
1173 2255 1206 2285 c.
1240 2242 1416 2297 672313)

188 2338 230 2368 v.
263 2325 337 2370 45.
400 2326 660 2381 Plerumque
706 2330 851 2381 poetae
897 2325 1043 2368 Musas
1089 2327 1300 2379 invocant,
1347 2331 1395 2368 ut
1440 2341 1507 2370 res
1553 2328 1682 2371 factas

46 2386 126 2427 sibi
163 2388 372 2434 nuntient
409 2387 468 2426 ita
507 2385 631 2427 Hom.
671 2384 744 2427 Od.
785 2387 816 2427 Ι.
859 2387 901 2427 1:
947 2384 1087 2443 ἄνδρα
1142 2405 1220 2441 μοι
1267 2388 1429 2437 ἔννεπε,
1491 2392 1677 2442 Μοῦσα,-

44 2445 172 2488 Hom.
199 2445 247 2488 Il.
278 2446 384 2487 484.
410 2445 601 2488 ”Emere
631 2451 711 2490 νῦν
745 2465 836 2500 μοι,
866 2449 1078 2510 Μοῦσαι,
1108 2445 1268 2489 Gallim.
1300 2448 1445 2500 hymn.
1465 2447 1541 2490 III.
1579 2450 1689 2491 186:

46 2501 155 2550 εἰπέ,
186 2501 285 2551 θεά,
315 2500 370 2543 σύ
400 2501 481 2554 μὲν
511 2499 662 2554 ἄμιιιν,
695 2501 775 2556 ἐγω
808 2503 849 2544 ‹5'
878 2499 1093 2557 ἑτέοοισιν
1123 2501 1278 2544 αείσω.
1391 2507 1490 2550 Stat
1555 2508 1681 2551 Theb

46 2566 163 2606 9.:317
198 2565 379 2619 „doctae,
410 2578 534 2607 nosse
565 2565 792 2620 indulgete,
824 2579 1005 2608 sorores
1048 2570 1234 2608 vestrum
1271 2579 1378 2621 opus
1407 2567 1470 2608 ire
1500 2571 1610 2609 retro
1642 2573 1683 2610 et

44 2625 211 2666 senium
243 2625 449 2680 depellere
480 2625 651 2666 famae.“
684 2650 737 2655 —
770 2625 853 2666 Hic
884 2626 1004 2667 aliter
1034 2630 1156 2680 poeta
1186 2639 1254 2667 res
1269 2627 1466 2681 privatas,
1498 2640 1681 2681 quarum

43 2683 194 2725 Musae
225 2688 326 2725 sunt
354 2685 525 2738 ignarae
565 2685 742 2725 carmini
788 2685 968 2727 mandat.
1017 2685 1152 2727 Musis
1184 2685 1345 2740 delegat
1390 2690 1528 2740 partes
1576 2701 1682 2742 quas

46 2747 179 2784 semet
208 2743 349 2798 ipsum
382 2745 591 2785 sustinere
623 2757 744 2800 posse
776 2744 954 2785 diffidat:
1002 2752 1199 2800 precatur
1244 2744 1295 2786 ab
1343 2746 1403 2786 eis
1440 2750 1488 2787 ut
1520 2759 1574 2787 ex
1606 2760 1684 2788 sua

42 2806 160 2856 parte
205 2802 299 2851 illas
345 2815 412 2844 res
462 2804 659 2845 nuntient
691 2803 835 2845 multis
867 2804 1051 2845 milibus.
1093 2830 1141 2834 —
1189 2804 1297 2846 Item
1335 2804 1422 2846 fere
1459 2806 1503 2846 in
1543 2807 1681 2861 Apoll

43 2860 176 2903 Rhod.
207 2861 230 2903 Ῑ
260 2862 318 2904 20
350 2874 459 2917 sqq.:
505 2864 588 2919 ἐγώ
629 2866 936 2922 μυθησαιμην,
991 2867 1177 2908 Μοῦσαι
1223 2867 1550 2924 δ’ὖποφήτορες
1595 2864 1682 2909 eis»

186 2991 287 3036 ¹)cf.
314 2991 438 3037 Pauly,
470 2993 606 3038 encycl
632 2992 716 3029 real.
741 2994 770 3037 I,
797 3004 874 3039 pag.
903 2998 982 3031 781.
1010 2994 1036 3039 ²¹)
1065 3005 1184 3040 opusc.
1211 2996 1259 3040 Π,
1285 3006 1363 3041 pag
1391 3000 1460 3032 622
1486 3007 1561 3041 sqq
1589 2996 1679 3041 3)cf.

40 3036 191 3083 Ritschl,
228 3049 347 3083 opusc.
384 3039 431 3075 Π.
470 3051 548 3086 pag.
587 3044 656 3077 678
694 3051 769 3086 sqq.
