1976 3294
690 135 1006 176 '—23—

46 278 304 322 Schwabius.
367 278 522 332 (Simul
554 282 694 320 autem
729 291 814 319 non
847 281 972 332 negat
1008 277 1101 319 eius
1131 276 1492 332 pulchritudinem
1524 274 1682 315 sensim

46 344 86 382 et
115 338 411 394 pedetemptim
445 338 693 392 „libidinum
723 350 850 379 causa
880 338 925 378 in
950 337 1066 378 omni
1096 336 1420 391 intemperantia
1442 333 1683 387 effusamm,

47 398 204 453 quibus
235 397 407 439 Clodius
439 410 483 439 se
515 397 703 450 dedebat,
740 397 964 439 evanuisse
997 400 1038 438 et
1068 397 1160 438 eius
1197 396 1338 437 locum
1378 393 1683 436 deformitatem

42 458 171 511 illam,
204 462 252 499 ut
282 459 340 499 ita
372 458 574 511 dicamus,
606 456 850 511 languidam
876 460 918 497 et
939 457 1072 497 macie
1089 455 1305 506 torridam,
1337 453 1475 509 qualis
1490 453 1684 494 homines

46 517 295 558 libidinosos
324 520 456 558 aetate
479 516 730 571 procedente
758 515 959 557 invadere
984 515 1100 567 solet,
1132 513 1420 567 obtinuisse.“)
1466 512 1684 554 Incestum

44 576 242 618 habuisse
258 576 303 619 P.
323 576 516 618 Clodium
541 588 641 617 cum
658 575 803 617 Clodia
828 587 970 616 sorore
992 575 1076 616 iam
1101 587 1228 629 supra
1250 574 1448 615 vidimus.
1486 573 1681 613 Acumen

48 640 190 677 autem
222 649 255 678 c.
287 634 496 677 LXXIX.
523 635 603 676 hoc
634 638 745 676 certe
777 638 856 676 est:
896 633 1104 686 Clodium,
1142 646 1402 688 quamquam
1441 635 1481 673 et
1512 632 1684 672 nomine

49 701 89 737 et
119 695 225 736 facie
255 695 431 750 pulcher
462 697 525 736 est
557 698 598 736 et
628 695 706 735 hac
737 694 788 735 de
819 707 946 735 causa
978 707 1001 734 a
1030 693 1174 735 Clodia
1206 693 1370 735 Catullo
1401 691 1684 747 praeponitur,

45 759 186 796 tamen
217 758 381 809 praeter
397 753 584 795 Clodiam
617 766 741 795 nemo
773 758 899 794 natus
931 753 1157 805 osculatur,
1189 765 1336 794 omnes
1367 752 1480 793 enim
1513 751 1605 792 eius
1637 763 1684 791 os

49 815 265 869 impurum
298 813 478 868 fugiunt.
540 812 638 854 Jam
671 814 745 867 qui
777 813 1054 854 adversantur
1084 811 1293 854 Schwabii
1330 810 1685 866 argumentationi

43 874 122 915 hoc
137 877 375 928 opponunt:
408 873 651 927 turpissimo
666 877 707 914 et
723 873 916 913 omnium
948 873 1133 913 maxime
1166 875 1403 926 contempto
1436 870 1538 911 vitio
1567 870 1604 910 si
1635 868 1682 911 P.

50 931 244 973 Clodium
275 932 398 973 illum
429 931 642 973 laborasse
666 931 810 973 Cicero
844 932 1047 984 scivisset,
1078 944 1162 972 non
1197 932 1407 972 omisisset
1436 929 1575 984 hercle
1605 929 1684 970 hoc

47 1004 217 1046 quoque
249 991 414 1032 obicere
444 992 618 1032 inimico
636 1004 724 1032 suo.
758 1017 813 1021 —
848 990 931 1040 Qui
948 1004 1084 1045 nugas
1106 991 1210 1032 mihi
1226 991 1426 1032 videntur
1447 988 1683 1044 protulisse.

43 1049 247 1100 Quamvis
290 1051 409 1092 locus
455 1051 601 1092 nullus
633 1052 697 1102 sit,
746 1063 829 1105 quo
874 1052 1122 1092 nominatim
1156 1050 1262 1092 illud
1293 1049 1504 1104 flagitium
1537 1047 1682 1089 Cicero

50 1110 96 1152 P.
138 1110 283 1152 Clodio
323 1110 558 1165 exprobret,
601 1110 703 1164 quid
748 1123 826 1151 nos
862 1111 1037 1164 impedit
1075 1111 1305 1164 quominus
1342 1112 1542 1163 putemus
1577 1111 1685 1149 tecte

48 1170 127 1211 hoc
156 1169 366 1224 flagitium
399 1169 642 1211 Ciceronem
677 1169 879 1211 obiecisse
916 1170 1089 1210 inimico
1121 1169 1223 1210 locis
1255 1170 1387 1210 hisce:
1427 1168 1478 1209 de
1514 1168 1682 1221 harusp.

43 1242 151 1283 resp.
184 1230 312 1271 2759:
345 1230 472 1284 „quid
494 1229 622 1270 vero?
656 1242 704 1270 ea
737 1232 895 1283 quanta
912 1233 1023 1282 sunt,
1057 1242 1165 1283 quae
1199 1228 1243 1270 P.
1262 1228 1435 1270 Clodius
1466 1229 1511 1268 in
1542 1228 1684 1281 ipsum

45 1301 89 1329 se
121 1288 290 1342 scelera,
338 1301 446 1343 quae
493 1290 536 1329 in
577 1301 677 1330 suos
724 1289 880 1330 edidit?
929 1289 1026 1343 quis
1057 1289 1201 1329 minus
1247 1301 1455 1342 umquam
1499 1287 1687 1341 pepercit

44 1348 231 1389 hostium
271 1349 417 1389 castris
458 1361 586 1402 quam
622 1348 694 1389 ille
733 1347 932 1389 omnibus
976 1349 1162 1403 corporis
1200 1349 1267 1389 sui
1309 1346 1527 1402 partibus?
1577 1359 1686 1400 quae

47 1408 169 1448 navis
201 1421 406 1462 umquam
453 1409 497 1448 in
544 1407 723 1448 flumine
753 1407 922 1462 publico
969 1411 1053 1448 tam
1092 1408 1263 1462 vulgata
1310 1406 1508 1448 omnibus
1556 1419 1684 1460 quam

48 1467 173 1508 istius
205 1471 318 1510 aetas
347 1467 498 1518 fuit?“;
539 1467 667 1508 2042:
701 1467 792 1520 „hic
829 1479 942 1519 vero,
975 1467 1025 1508 de
1065 1480 1148 1521 quo
1187 1479 1263 1521 ego
1300 1468 1390 1521 ipse
1427 1470 1513 1507 tam
1552 1465 1686 1506 multa

46 1539 162 1567 nunc
194 1526 299 1578 dico,
333 1527 434 1580 quid
466 1527 555 1567 est?
595 1560 603 1568 .
637 1560 644 1568 .
678 1561 686 1568 .
727 1527 801 1580 qui
837 1531 931 1581 post
967 1527 1096 1581 patris
1134 1531 1312 1567 mortem
1350 1527 1529 1580 primam
1567 1525 1684 1566 illam

45 1585 269 1626 aetatulam
289 1599 410 1626 suam
428 1586 479 1626 ad
497 1598 741 1627 scurrarum
773 1586 1048 1640 locupletium
1071 1586 1267 1627 libidines
1299 1585 1464 1627 detulit:
1500 1597 1683 1639 quorum

44 1646 368 1699 intemperantia
400 1645 565 1699 expleta
594 1646 639 1685 in
673 1645 912 1686 domesticis
951 1650 1013 1687 est
1043 1646 1332 1700 germanitatis
1370 1645 1528 1699 stupris
1564 1644 1686 1685 volu-

44 1708 167 1745 tatus.
198 1703 362 1745 Deinde
392 1706 476 1745 iam
509 1704 710 1745 robustus
725 1706 967 1759 provinciae
999 1717 1043 1746 se
1066 1719 1115 1746 ac
1146 1706 1206 1746 rei
1224 1705 1395 1746 militari
1413 1705 1526 1746 dedit
1557 1708 1684 1758 atque

43 1764 274 1818 piratarum
307 1763 367 1804 ibi
399 1764 676 1805 contumelias
706 1777 935 1818 perpessus
965 1765 1089 1805 etiam
1113 1763 1290 1806 Cilicum
1324 1764 1520 1805 libidines
1536 1763 1685 1804 barba-

45 1835 278 1877 rorumque
309 1824 518 1875 satiavit“;
552 1836 627 1878 pro
660 1823 794 1864 Sestio
835 1826 930 1866 7.16:
966 1825 1066 1878 „qui
1103 1824 1303 1865 tribunus
1340 1823 1474 1878 plebis
1504 1823 1609 1865 felix
1639 1824 1683 1863 in

46 1882 270 1923 evertenda
301 1895 347 1923 re
378 1882 546 1937 publica
576 1883 657 1923 fuit
687 1882 817 1924 nullis
850 1885 939 1924 suis
957 1885 1099 1924 nervis
1117 1884 1131 1936 ζ
1136 1885 1210 1938 qui
1242 1884 1354 1924 enim
1386 1884 1431 1924 in
1446 1884 1538 1924 eius
1570 1883 1685 1924 modi

44 1942 131 1982 vita
162 1942 282 1983 nervi
299 1945 529 1996 potuerunt
561 1955 652 1983 esse
684 1943 866 1983 hominis
897 1943 1092 1984 fraternis
1123 1942 1292 1998 flagitiis
1325 1944 1495 1984 sororiis
1528 1943 1685 1997 stupris

44 2001 159 2041 omni
203 2001 391 2042 inaudita
423 2001 597 2042 libidine
643 2001 906 2056 infamis?)“;
952 2015 1027 2057 pro
1076 2002 1178 2043 Sest.
1236 2004 1360 2044 1739:
1415 2015 1683 2055 „scurrarum

45 2059 319 2114 locupletium
351 2062 575 2102 scortum&
609 2085 662 2091 —-
697 2060 875 2102 Lesbius
908 2074 1006 2115 ergo
1038 2062 1109 2102 ille
1127 2063 1327 2103 carminis
1343 2061 1546 2103 LXXIX.
1580 2062 1684 2102 mihi

46 2119 212 2160 videtur
241 2120 375 2161 fuisse
409 2120 451 2162 Ρ.
485 2120 658 2161 Clodius
691 2120 883 2162 Pulcher.

186 2178 286 2219 Jam·
316 2183 444 2220 restat
474 2184 522 2220 ut
560 2180 610 2221 de
644 2193 728 2220 una
760 2193 817 2233 re,
860 2193 987 2234 quam
1021 2179 1328 2221 dubitationem
1365 2181 1548 2221 movisse
1579 2193 1683 2221 non-

47 2236 178 2278 nullis
229 2242 400 2292 constat,
454 2251 588 2293 pauca
641 2239 858 2282 addamus.
940 2239 1077 2294 Supra
1131 2241 1245 2281 enim
1300 2240 1684 2281 demonstravimus

48 2294 262 2337 Catullum
281 2301 428 2338 natum
446 2310 537 2339 esse
554 2311 665 2339 anno
694 2300 774 2352 82,
808 2298 998 2340 Clodiam
1031 2312 1142 2340 anno
1176 2300 1242 2341 94.
1277 2301 1366 2340 sive
1399 2301 1479 2352 95,
1512 2312 1567 2341 ex
1600 2313 1684 2354 quo

47 2353 228 2396 efficitur
258 2354 452 2397 Lesbiam
484 2358 710 2398 minimum
745 2358 967 2399 duodecim
1001 2359 1124 2399 annis
1171 2363 1274 2400 natu
1322 2360 1523 2400 maiorem
1554 2359 1686 2400 fuisse

48 2413 222 2456 Catullo.
284 2414 381 2456 Non
413 2420 476 2456 est
508 2418 620 2470 quod
652 2418 696 2457 in
729 2417 807 2457 hac
838 2430 884 2458 re
918 2417 1191 2460 offendamus.
1248 2417 1400 2459 Nonne
1432 2418 1585 2459 mulier
1614 2418 1687 2459 illa

48 2485 158 2514 anno
191 2474 316 2514 etiam
349 2475 528 2527 698s‘56,
569 2488 666 2516 cum
706 2477 878 2530 triginta
918 2480 1009 2526 octo
1048 2490 1181 2518 annos
1221 2481 1318 2518 nata
1356 2481 1465 2519 esset
1500 2478 1685 2532 pulchri-

46 2532 192 2573 tudine
228 2533 385 2587 insigni
426 2535 662 2588 ceterisque
706 2535 928 2576 lenociniis
977 2536 1132 2578 multos
1175 2537 1352 2578 iuvenes
1396 2537 1684 2579 incredibilem

45 2590 132 2632 fere
161 2592 206 2632 in
238 2593 412 2636 modum
428 2598 571 2648 captos
600 2595 736 2635 tenuit
768 2594 834 2649 (cf.
858 2608 934 2650 pro
952 2594 1061 2636 Cael.
1087 2597 1110 2648 ξ
1135 2595 1221 2649 67),
1253 2609 1394 2638 11011110
1416 2596 1471 2639 M.
1496 2596 1685 2639 Caelium

45 2649 205 2691 Rufum
250 2651 471 2693 duodecim
517 2654 640 2694 annis
682 2658 785 2694 natu
827 2655 1050 2707 minorem,
1097 2656 1310 2697 hominem
1352 2660 1393 2697 et
1436 2669 1608 2711 corpore
1646 2660 1686 2698 et

47 2710 217 2763 ingenio
249 2711 486 2766 insignem?
520 2738 575 2742 —
609 2712 678 2754 Sic
695 2713 849 2754 Catulli
868 2727 1039 2768 quoque
1057 2715 1225 2756 animus
1248 2715 1429 2770 simplex
1460 2719 1501 2757 et
1516 2720 1685 2771 apertus

47 2770 289 2823 artiumque
320 2772 653 2813 meretriciarum
701 2773 924 2827 imperitus
969 2775 1232 2829 ignarusque
1271 2775 1486 2829 simulque
1523 2776 1685 2817 ardoris

48 2827 200 2881 plenus
231 2828 333 2870 adeo
363 2830 551 2872 irretitus
584 2836 656 2885 est,
695 2835 744 2873 ut
774 2845 848 2886 per
881 2832 1051 2887 aliquod
1092 2837 1262 2888 tempus
1299 2839 1420 2889 poeta
1458 2847 1511 2886 ne
1548 2837 1684 2889 suspi-

47 2890 213 2931 caretur
246 2888 416 2942 quidem
449 2902 493 2931 se
525 2889 575 2931 ab
607 2890 680 2931 illa
701 2891 788 2932 falli
811 2904 945 2946 posse.
994 2892 1283 2947 (Propertium
1309 2907 1480 2948 quoque
1503 2894 1685 2947 Cynthia

46 2958 123 2986 sua
139 2947 264 2988 annis
285 2947 525 2990 inferiorem
549 2949 681 2991 fuisse
705 2950 893 3005 scimus.)
927 2977 981 2981 ——
1018 2950 1238 3001 Quomodo
1263 2957 1403 2994 autem
1423 2954 1684 3008 explicemus

48 3006 248 3047 carminis
278 3005 457 3049 LXXII.
489 3020 639 3050 versus
669 3009 811 3051 hosce:
