1976 3294
720 115 1012 156 —19-.-

43 259 132 301 22.
152 271 188 311 53
221 258 360 309 23.3;
394 257 445 299 de
476 257 644 312 harusp.
676 270 783 312 resp.
817 258 841 310 ξ
874 258 949 308 38;
982 269 1057 311 pro
1090 255 1198 298 Cael.
1233 256 1257 309 ξ
1289 255 1358 297 49.
1422 255 1567 309 Atque
1597 266 1691 295 eam

43 317 227 373 appellat
266 317 437 359 nomine
470 319 703 372 βοαίπιὸος,
748 329 832 371 quo
877 315 1044 358 Clodiae
1093 327 1271 370 magnos
1324 317 1454 368 atque
1495 313 1690 355 ardentes

44 377 195 419 oculos
226 376 436 418 celebrare
467 377 572 418 mihi
603 377 783 419 videtur.
831 374 953 425 Quod
986 376 1141 430 optime
1157 374 1355 429 congruit
1386 386 1486 415 cum
1516 372 1691 415 Lesbiae

43 436 309 478 Catullianae
323 441 556 490 venustate,
571 438 695 477 cuius
711 442 831 491 poeta
838 435 1049 490 praedicat
1062 436 1205 489 nigros
1220 433 1384 475 ocellos.
1403 433 1689 474 Baehrensius

46 495 300 550 persuadere
330 496 436 537 mihi
464 508 550 537 non
582 501 719 550 potest
748 500 797 537 ut
826 501 971 550 putem
1003 495 1073 536 illa
1111 493 1390 548 appellatione
1429 492 1557 534 simul
1589 493 1690 534 satis

47 555 231 609 maligne
276 554 522 596 Ciceronem
559 555 747 596 alludere
784 555 836 596 ad
874 554 1038 596 fabulas
1070 554 1176 606 illas,
1218 552 1456 594 secundum
1497 565 1604 606 quas
1642 551 1689 594 P.

46 614 225 656 Clodius
255 615 447 656 cumbae
477 615 745 669 potissimum
771 627 913 656 sorore
944 614 1045 655 olim
1075 615 1285 655 incestum
1317 612 1466 653 fecisse
1483 616 1686 652 narretur.

45 673 95 716 Si
126 686 172 715 re
202 686 303 715 vera
334 675 656 715 reconditiorem
685 674 879 716 aculeum
913 674 1036 715 habet
1066 673 1139 714 illa
1167 674 1391 727 βοαίπιδος
1426 684 1511 712 vox
1533 672 1689 726 optime

46 733 298 775 Schwabius
335 734 396 774 sic
432 746 531 775 eum
570 734 739 775 videtur
782 734 996 774 statuisse:
1035 745 1144 787 „quo
1186 733 1357 773 nomine
1397 732 1689 772 auctoritatem

49 797 93 834 et
129 794 353 847 imperium
392 793 714 847 qualecumque,
752 793 864 847 quod
903 793 1047 834 Clodia
1085 791 1164 834 sibi
1203 792 1325 846 quasi
1367 791 1493 847 ‘'Hpoe
1521 793 1690 844 βοῶπις

51 852 118 893 vel
150 852 202 893 de
233 851 359 893 rebus
390 852 569 906 publicis
607 853 844 907 adrogabat,
889 851 1033 894 Cicero
1072 852 1180 893 salse
1218 850 1440 893 cavillatur
1476 849 1541 901 (cf.
1573 863 1611 904 p.
1645 850 1688 891 C.

48 911 390 953 26.e2:mu1ier
421 912 492 952 illa
522 916 670 966 potens
703 911 1053 966 quadrantaria.)“
1090 936 1139 941 --
1175 910 1263 953 Nec
1295 910 1434 951 solum
1466 909 1689 964 pulchram

48 970 365 1025 formosamque
395 971 526 1012 fuisse
547 970 746 1020 Clodiam,
778 972 847 1012 sed
883 973 1008 1012 etiam
1031 971 1209 1012 facetam
1232 970 1500 1024 lepidamque
1530 969 1690 1010 multae

51 1029 240 1071 indicant
271 1043 349 1072 res.
411 1029 507 1071 Non
548 1031 672 1071 modo
710 1031 860 1072 litteris
904 1043 996 1072 eam
1029 1043 1199 1085 operam
1237 1030 1412 1083 dedisse,
1451 1029 1523 1070 sed
1562 1030 1691 1070 etiam

50 1088 245 1130 versibus
275 1089 477 1131 faciendis
494 1103 663 1131 vacasse
695 1096 805 1131 recte
838 1090 1083 1131 Schwabius
1114 1090 1218 1131 mihi
1250 1089 1419 1130 videtur
1450 1089 1692 1140 coniecisse,

48 1149 208 1203 ¹quippe
239 1149 375 1200 cumi)
406 1149 490 1190 illis
521 1149 780 1204 temporibus
812 1163 910 1191 cum
943 1150 1141 1191 honestae
1161 1149 1342 1190 feminae
1375 1147 1505 1189 nobili
1536 1160 1692 1202 genere

52 1212 166 1249 ortae
198 1209 348 1250 studiis
379 1208 613 1250 litterarum
638 1222 806 1264 operam
839 1210 987 1250 darent
1017 1214 1108 1250 tum
1141 1209 1254 1250 leves
1285 1208 1487 1249 mulieres
1511 1208 1692 1262 eleganti

53 1267 237 1321 quadam
268 1268 457 1309 doctrina
487 1268 707 1309 illecebrae
737 1269 827 1310 loco
868 1274 1098 1322 uterentur,
1129 1268 1215 1323 'qua
1252 1269 1355 1309 viris
1402 1280 1447 1308 se
1479 1280 1692 1308 commen-

52 1327 213 1368 darent.
260 1327 448 1368 Contulit
463 1327 710 1369 Schwabius
741 1328 881 1369 locum
914 1329 965 1369 de
987 1328 1236 1382 Sempronia
1268 1328 1538 1368 notissimum
1568 1326 1691 1367 illum

52 1386 240 1439 (Sallust.
259 1386 374 1428 Catil.
394 1387 492 1442 25),
526 1389 599 1441 qui
632 1394 744 1428 totus
777 1388 827 1429 de
850 1387 1000 1429 Lesbia
1033 1400 1204 1442 quoque
1236 1388 1418 1441 scriptus
1450 1399 1541 1427 esse
1557 1387 1692 1427 videri

53 1446 195 1500 possit.
228 1445 454 1487 Sallustius
491 1447 615 1499 „haec
652 1447 841 1499 mulier“,
872 1448 1024 1501 inquit,
1062 1459 1240 1501 „genere
1277 1451 1403 1500 atque
1434 1445 1568 1487 forma
1601 1480 1608 1488 .
1641 1480 1650 1488 .
1685 1480 1692 1488 .

56 1506 157 1546 satis
187 1505 416 1546 fortunata:
450 1506 598 1547 litteris
617 1505 786 1548 Graecis
804 1512 930 1560 atque
946 1506 1106 1548 Latinis
1139 1507 1275 1547 docta:
1309 1506 1487 1560 psallere
1504 1505 1692 1559 saltare‘2)

51 1564 290 1618 elegantius
322 1578 451 1619 quam
484 1578 677 1607 neccesse
708 1571 771 1607 est
801 1566 965 1620 probae,
997 1566 1130 1607 multa
1147 1566 1239 1619 alia,
1272 1579 1381 1620 quae
1411 1566 1694 1606 instrumenta

56 1623 255 1664 luxuriae
287 1632 397 1665 sunt.
460 1624 540 1666 Sed
573 1626 611 1666 ei
644 1626 807 1666 cariora
842 1638 1008 1680 semper
1046 1627 1187 1666 omnia
1232 1638 1361 1679 quam
1399 1625 1528 1666 decus
1565 1629 1694 1679 atque

55 1683 259 1737 pudicitia
294 1683 394 1724 fuit:
456 1685 661 1738 pecuniae
716 1698 768 1725 an
812 1684 948 1726 famae
995 1686 1138 1726 minus
1181 1690 1370 1739 parceret
1415 1684 1527 1725 haud
1573 1684 1695 1725 facile

54 1742 332 1784 decerneres:
357 1742 530 1784 libidine
577 1745 636 1784 sic
677 1757 851 1785 accensa
898 1749 945 1785 ut
992 1746 1160 1799 saepius
1202 1749 1362 1799 peteret
1406 1745 1519 1785 viros
1564 1757 1694 1798 quam

56 1806 279 1855 peteretur.
372 1801 453 1844 Sed
500 1815 548 1844 ea
607 1816 729 1858 saepe
776 1805 950 1845 antehac
1010 1803 1136 1845 fidem
1183 1804 1435 1859 prodiderat,
1487 1804 1695 1845 creditum

54 1860 311 1912 abiuaverat,
362 1862 499 1903 caedis
531 1864 698 1903 conscia
728 1863 876 1915 fuerat,
924 1863 1097 1904 luxuria
1141 1868 1268 1918 atque
1308 1864 1450 1918 inopia
1494 1876 1695 1918 praeceps

55 1919 225 1961 abierat.
304 1919 467 1962 Verum
513 1922 732 1976 ingenium
780 1924 872 1963 eius
918 1923 1031 1964 haud
1077 1923 1328 1964 absurdum:
1379 1935 1500 1977 posse
1545 1935 1696 1964 versus

56 1979 202 2033 facere,
232 1980 374 2021 iocum
404 1993 586 2032 movere,
618 1994 811 2023 sermone
843 1983 905 2022 uti
936 1982 1004 2023 vel
1035 1983 1223 2024 modesto
1244 1974 1324 2024 'vel
1354 1982 1472 2023 molli
1503 1982 1570 2023 vel
1601 1996 1697 2037 pro-

59 2039 163 2079 caci:
207 2052 379 2092 prorsus
416 2040 574 2081 multae
610 2040 782 2082 facetiae
826 2041 1073 2095 multusque
1111 2042 1226 2096 lepos
1267 2042 1436 2083 inerat.“
1477 2067 1528 2071 ——
1574 2041 1639 2083 Ne
1670 2055 1694 2082 a

54 2097 237 2151 publicis
285 2099 456 2152 quidem
495 2099 620 2141 rebus
667 2113 711 2141 se
757 2100 960 2141 abstinuit
1004 2100 1158 2154 Clodia,
1204 2102 1261 2142 ita
1308 2106 1356 2141 ut
1398 2101 1566 2155 dignam
1602 2114 1694 2142 eam

57 2156 262 2198 haberent
292 2171 370 2198 sua
400 2159 582 2200 amicitia
612 2159 653 2200 T.
674 2159 932 2214 Pomponius
950 2161 1153 2209 Atticusss)
1178 2162 1244 2201 vir
1260 2161 1424 2214 integer
1456 2166 1497 2201 et
1514 2161 1696 2215 elegans,

54 2220 102 2256 et
130 2217 220 2270 ipse
251 2215 407 2269 CicerO,
440 2219 513 2272 qui
543 2218 723 2260 libenter
754 2232 802 2260 ea
834 2219 976 2273 usus⁴)
1009 2224 1072 2260 est
1103 2233 1201 2260 cum
1233 2220 1423 2261 nondum
1455 2221 1567 2261 inter
1597 2233 1696 2261 eum

56 2279 104 2315 et
135 2273 302 2317 Clodiae
332 2276 506 2318 fratrem
537 2279 781 2319 inimicitiae
813 2285 983 2320 exortae
1015 2284 1165 2320 essent.

181 2332 346 2382 Quibus
390 2338 617 2390 perspectis
660 2337 786 2378 rebus
830 2351 914 2378 non
970 2340 1176 2380 miramur
1222 2339 1335 2392 quod
1376 2340 1696 2380 matrimonium

59 2391 167 2432 illud
211 2391 368 2434 Metelli
416 2400 456 2435 et
503 2394 670 2437 Clodiae
715 2410 866 2451 parum
912 2397 1015 2438 felix
1057 2398 1148 2440 fuit.
1225 2397 1333 2439 Nam
1382 2411 1478 2439 cum
1527 2398 1698 2446 Clodiae

62 2452 222 2504 ingenii
264 2451 504 2494 facultatem
547 2467 744 2507 magna-m
789 2456 919 2497 fuisse
963 2462 1135 2508 constet,
1187 2456 1404 2498 Metellum
1448 2462 1496 2498 ut
1539 2459 1696 2512 patriae

62 2511 402 2552 amantissimum
450 2520 490 2553 et
537 2519 708 2555 senatus
755 2515 1017 2556 defensorem
1070 2517 1326 2557 acerrimum
1371 2518 1429 2558 ita
1481 2517 1696 2559 hominem

60 2569 267 2623 ieiunum,
319 2571 498 2625 tardum,
552 2573 797 2627 superbum,
849 2575 1018 2616 inanem
1071 2575 1203 2617 fuisse
1254 2578 1422 2619 scimus.
1498 2575 1591 2626 Qua
1645 2578 1697 2619 de

62 2628 203 2669 indole
239 2630 333 2671 eius
375 2631 583 2685 imprimis
621 2634 738 2674 testis
776 2638 837 2674 est
874 2633 991 2675 locus
1029 2634 1100 2675 ille
1141 2647 1196 2676 ex
1235 2635 1448 2677 Ciceronis
1487 2637 1604 2690 epist.
1643 2637 1695 2677 ad

64 2767 78 2779 ο
210 2721 236 2765 ¹)
263 2722 306 2757 cf.
342 2722 539 2778 Drumanni
578 2725 659 2761 hist.
698 2725 797 2762 Rom.
836 2727 882 2762 11.
917 2731 978 2771 503
1018 2726 1225 2763 iiiominseni
1262 2729 1344 2764 hist.
1382 2728 1482 2765 Rom.
1521 2730 1586 2765 ΙΠ.
1614 2716 1695 2766 563.

66 2770 92 2807 ·)
116 2769 202 2803 Arte
216 2769 679 2831 saltandi-Clodiamquoque
693 2774 902 2809 excelluisse
918 2776 960 2810 cf.
981 2774 1095 2828 Schol.
1122 2775 1208 2811 Bob.
1236 2777 1281 2829 ad
1306 2787 1354 2812 or.
1381 2788 1442 2820 pro
1467 2777 1558 2831 Sest.
1588 2782 1632 2814 54
1642 2805 1692 2831 „G

63 2817 1322 2913 Siginf'sssshssrffiffimqissffi‘0312333?sstRZdsssstet⁸‘⁰‘33⁰³2}¹¹cf·¹ss¹⁸⁸⁹d
1335 2824 1696 2908 Stiss⁰⁶i1fflssf¹²⁸¹⁰⁸

63 2909 92 2952 ⁴)
114 2908 199 2962 uiri
231 2909 285 2944 illi
314 2910 371 2964 de*
394 2913 526 2956 nuptiis
550 2914 641 2949 inter
661 2915 831 2969 *Clodiam
863 2883 898 2952 gt
935 2898 1146 2952 Ciceronem'
1173 2882 1432 2955 cdn'traihendis'
1451 2900 1610 2955 rumores
1620 2883 1715 2965 ἓξὲξ.

60 2956 192 3001 quibus
220 2956 307 2992 Piut.
334 2957 407 2994 Cic.
433 2963 478 2996 29
504 2962 632 3007 narrat)
658 2964 740 2998 mdo
765 2968 831 2999 orti
856 2975 933 2999 esse
947 2965 1122 3009 videntur,
1149 2966 1240 3010 quod
1254 2977 1286 3002 a.
1301 2970 1357 3003 62.
1387 2966 1547 3002 Metellus
1561 2967 1695 3002 Galliae

63 3004 249 3057 proconsul
284 3005 405 3049 procul
436 3017 457 3042 a
496 3006 606 3044 Roma
641 3015 717 3046 erat
753 3014 788 3046 et
817 3022 859 3047 oo
895 3013 1103 3056 praesortim
1136 3023 1224 3049 anno
1255 3014 1462 3059 saepissime
1495 3014 1618 3050 Cicero
1657 3015 1694 3050 in

59 3049 207 3087 Clodiae
231 3051 334 3087 domo
358 3053 576 3091 versabatur.
