1976 3294
954 170 1235 209 —24-

506 307 645 350 „Dilexi
670 308 752 341 tunc
776 308 810 341 te
834 316 899 341 non
924 307 1058 340 tantum
1082 307 1122 340 ut
1146 304 1271 350 vulgus
1292 304 1454 349 amicam,

505 354 566 388 sed
591 355 687 397 pater
709 355 748 387 ut
772 355 891 397 gnatos
915 351 1030 396 diligit
1053 354 1089 386 et
1111 361 1264 395 generos.

505 410 595 434 nunc
625 402 659 434 te
690 399 850 443 cognovi:
875 408 981 443 quare
1005 398 1071 433 etsi
1095 398 1287 442 impensius
1311 406 1401 440 uror,

506 445 613 480 multo
639 445 687 480 mi
714 450 828 480 tamen
854 455 892 479 es
918 444 1019 479 vilior
1041 446 1077 479 et
1100 444 1219 479 levior.

506 492 565 536 qui
590 495 680 536 potis
703 492 779 526 est?
802 491 928 535 inquis.
953 491 1044 535 quod
1069 493 1242 525 amantem
1269 489 1398 524 iniuria
1421 489 1501 525 talis

505 539 596 582 cogit
619 548 735 573 amare
759 538 882 582 magis,
907 538 970 572 sed
994 537 1080 571 bene
1105 536 1194 571 velle
1219 536 1369 571 minus.“

299 597 448 638 Mirum
482 598 569 638 sine
614 597 739 638 dubio
785 600 846 638 est
890 602 1050 650 poetam
1099 596 1234 637 dicere
1279 607 1324 637 se
1375 595 1593 637 mulierem
1638 595 1727 648 ipso
1772 594 1894 636 annis

298 657 548 709 superiorem
581 668 718 696 amare
741 659 787 695 ut
816 658 931 708 pater
959 659 1105 707 gnatos
1136 658 1176 694 et
1190 652 1394 708 generos?
1427 677 1480 682 ——
1511 653 1756 694 Rectissime
1786 653 1893 694 hanc

298 726 385 754 rem
415 713 682 767 explicavisse
718 713 911 753 videntur
942 713 1044 752 mihi
1075 711 1398 766 Westphalius1)
1429 716 1470 753 et
1506 711 1553 752 B.
1586 710 1893 764 Schmidtius.2)

298 771 401 812 Cum
442 772 550 812 enim
590 772 631 812 in
669 770 738 811 illo
776 771 958 811 carmine
995 769 1162 811 LXXII
1199 769 1386 811 Catullus
1428 769 1755 811 benevolentiam
1794 768 1893 810 olim

297 829 406 870 fideli
436 829 606 870 Lesbiae
636 830 875 882 praestitam
906 828 956 868 ab
988 840 1035 868 eo
1066 841 1207 869 amore
1238 829 1311 882 qui
1342 827 1393 868 ad
1424 828 1559 869 solum
1592 840 1742 882 corpus
1771 828 1894 881 perti-

302 892 395 928 neat
424 887 598 940 ideoque
629 899 681 927 ne
711 887 881 940 perfidia
898 886 1064 939 quidem
1097 890 1255 927 amatae
1286 885 1474 927 mulieris
1505 886 1690 927 deleatur
1705 889 1896 926 accurate

299 946 533 996 distinguat,
563 945 674 984 illam
692 944 1017 986 benevolentiam
1050 957 1144 984 cum
1177 945 1304 998 patris
1319 945 1363 984 in
1378 943 1486 985 filios
1501 956 1761 998 generosque
1791 944 1894 984 cari-

298 1008 377 1044 tate
393 1008 550 1056 poetam
573 1015 816 1056 comparare.
850 1001 942 1051 Qua
963 1004 1267 1055 comparatione
1289 1003 1441 1056 optime
1462 1007 1511 1043 ut
1533 1003 1655 1043 homo
1677 1001 1892 1042 Romanus

296 1062 471 1114 priorem
502 1074 625 1101 suum
657 1074 823 1101 sensum
843 1060 1038 1114 diligendi
1055 1060 1285 1102 illustravit.
1317 1060 1398 1101 Sed
1415 1061 1514 1101 haec
1530 1061 1740 1102 hactenus.
1759 1085 1813 1090 —-
1851 1085 1887 1089 —-

435 1118 637 1167 Quoniam
675 1121 812 1159 omnia
850 1120 1136 1172 congessimus
1167 1123 1207 1159 et
1243 1118 1596 1160 consideravimus
1635 1122 1892 1172 argumenta,

299 1190 404 1230 quae
435 1177 484 1216 ad
515 1176 685 1217 Lesbiae
721 1182 762 1217 et
792 1177 942 1217 Catulli
983 1189 1144 1218 amores
1187 1177 1429 1217 indicandos
1470 1176 1648 1218 alicuius
1693 1177 1892 1217 momenti

299 1234 416 1275 nobis
446 1247 535 1275 esse
565 1235 822 1287 videbantur,
854 1235 1095 1275 brevissime
1125 1247 1422 1289 componamus
1453 1247 1520 1276 ea:

440 1296 472 1334 1.
505 1292 556 1333 Et
587 1292 732 1333 Lesbia
763 1298 802 1333 et
833 1293 975 1333 Clodia
1019 1293 1311 1346 quadrantaria
1342 1293 1470 1334 nobili
1501 1293 1591 1334 loco
1623 1295 1736 1334 ortae
1766 1297 1893 1333 erant.

437 1354 471 1391 2.
505 1350 691 1391 Lesbiam
711 1355 880 1404 nuptam
905 1351 1033 1392 fuisse
1070 1352 1237 1404 scimus,
1269 1350 1411 1392 Clodia
1427 1355 1514 1392 erat
1545 1363 1656 1392 uxor
1673 1349 1719 1399 Q.
1736 1349 1891 1392 Metelli

506 1408 669 1450 Celeris.

436 1468 472 1508 3.
507 1466 690 1520 Utraque
734 1467 888 1507 femina
933 1467 1092 1521 decepit
1129 1469 1325 1508 maritum
1357 1471 1584 1521 stupraque
1619 1467 1716 1508 fecit
1751 1466 1895 1508 multis

502 1537 598 1565 cum
629 1525 974 1566 adulescentibus.

434 1585 470 1623 4.
505 1582 555 1622 Et
586 1582 753 1623 Lesbiae
784 1587 824 1624 et
854 1583 1019 1624 Clodiae
1055 1585 1229 1624 maritus
1265 1583 1403 1624 indole
1440 1587 1481 1624 et
1517 1584 1686 1637 ingenio
1726 1583 1894 1624 ‚videtur

503 1653 694 1682 caruisse.

433 1700 470 1738 ἴ).
504 1698 686 1752 Utraque
715 1699 870 1740 femina
899 1699 1175 1753 pulcherrima
1204 1699 1293 1742 fuit.

434 1758 471 1797 6.
506 1756 688 1810 Utraque
718 1757 869 1798 mulier
900 1759 1066 1811 ingenio
1096 1759 1273 1811 insignis
1303 1757 1392 1799 fuit.

436 1817 470 1856 7.
503 1814 642 1855 Clodia
673 1829 705 1856 a.
731 1815 782 1856 M.
816 1815 951 1856 Caelio
982 1815 1090 1856 Rufo
1122 1820 1281 1857 oratore
1312 1819 1446 1856 amata
1476 1819 1550 1867 est,
1581 1815 1732 1856 Catulli
1747 1815 1896 1856 Lesbia

502 1874 643 1914 eodem
676 1878 859 1927 tempore
890 1886 987 1914 cum
1011 1874 1147 1914 Caelio
1178 1873 1286 1914 Rufo
1319 1874 1499 1927 quodam
1531 1886 1620 1914 rem
1651 1873 1805 1914 habuit.

438 1932 474 1971 8.
509 1931 690 1977 Clodiam
723 1944 819 1971 cum
865 1931 909 1973 P.
948 1931 1089 1972 Clodio
1131 1931 1256 1972 fratre
1300 1933 1506 1973 incestum
1550 1931 1696 1973 fecisse
1727 1932 1896 1984 scimus,

504 1989 690 2030 Catullus
721 2002 743 2029 a
774 1989 922 2030 Lesbia
951 1989 1145 2030 Lesbium
1179 1989 1258 2031 sibi
1288 1990 1482 2044 anteponi
1513 1989 1619 2031 dicit.
1657 1990 1702 2031 si
1723 1988 1896 2031 Lesbiae

504 2059 650 2088 verum
689 2060 839 2088 nomen
879 2051 939 2088 est
976 2047 1128 2099 Clodia,
1170 2048 1282 2089 illius
1319 2048 1499 2089 hominis
1535 2060 1686 2089 nomen
1724 2047 1894 2089 Clodius

503 2105 626 2146 fuerit
663 2118 832 2146 necesse
877 2110 947 2146 est.
1014 2106 1202 2158 Lesbius,
1246 2107 1319 2160 qui
1355 2119 1380 2146 a
1416 2105 1563 2147 Lesbia
1605 2110 1747 2160 poetae
1782 2110 1896 2147 ante-

503 2164 681 2216 ponitur,
711 2164 791 2204 fuit
821 2163 866 2206 P.
899 2163 1068 2205 Clodius
1099 2164 1291 2216 Pulcher,
1323 2164 1638 2218 quadrantariae
1668 2164 1802 2205 frater.

437 2223 473 2261 9.
506 2221 553 2261 In
596 2223 777 2263 oratione
817 2235 891 2275 pro
937 2221 1073 2262 Caelio
1115 2222 1252 2263 habita
1294 2221 1436 2263 Cicero
1479 2221 1648 2263 Clodiae
1692 2222 1897 2276 quadran-

505 2280 630 2320 tariae
652 2281 777 2320 vitam
811 2281 1189 2333 inquinatissimam
1221 2280 1424 2322 describit.
1473 2279 1587 2328 Quae
1617 2281 1754 2334 imago
1776 2279 1898 2334 plane

505 2339 696 2390 congruit
726 2351 820 2379 cum
845 2339 1026 2391 imagine
1048 2337 1218 2380 Lesbiae
1249 2339 1380 2393 magis
1410 2339 1628 2392 magisque
1649 2338 1893 2393 depravatae

504 2407 527 2434 a
559 2395 718 2436 Catullo
750 2395 942 2437 exhibita.

301 3048 365 3083 mg
400 2992 584 3075 Χέῌῐῗαά.
610 2993 799 3039 ΨοεῒρὶιιιΙ,
837 2995 968 3031 Catulls
1006 2995 1176 3032 Gedichte
1213 2997 1328 3032 iibere.
1366 3007 1400 3032 u.
1426 2996 1501 3042 erl„
1533 3007 1611 3042 pag.
1640 2998 1720 3032 115.
1771 2994 1849 3040 ²)1.
1876 3006 1897 3031 o
