1976 3294
732 122 984 161 -5.-

28 278 112 319 ego
145 277 216 306 eos
247 264 476 306 Charinum
511 268 551 306 et
582 264 754 305 Critiam
787 263 1077 318 appellitarim.
1124 261 1282 303 Eadem
1316 274 1442 316 opera
1472 263 1672 302 accusent

30 324 78 366 C.
97 323 321 377 Catullum,
334 324 446 378 quod
458 323 649 365 Lesbiam
664 335 740 378 pro
754 323 898 364 Clodia
913 323 1205 375 nominaverit,
1222 325 1262 363 et
1273 321 1458 362 Ticidam
1469 319 1674 371 similiter,

29 383 162 438 quod,
199 396 308 437 quae
344 383 512 425 Metella
555 389 654 437 erat,
692 382 891 424 Perillam
936 382 1162 437 scripserit,
1200 385 1240 422 et
1276 380 1557 435 Propertium,
1597 380 1672 433 qui
1715 413 1719 417 .

28 442 259 495 Cynthiam
278 443 398 497 dicat,
421 442 613 484 Hostiam
632 442 881 495 dissimulet,
897 445 936 483 et
951 441 1180 494 Tibullum,
1198 440 1311 495 quod
1332 441 1370 481 ei
1387 440 1441 481 sit
1462 439 1611 481 Plania
1626 439 1670 479 in

27 503 188 556 animo,
210 501 331 544 Delia
346 503 389 543 in
408 502 569 543 versu.“
603 501 686 551 Qui
703 501 818 543 solus
835 501 953 543 locus
976 505 1050 555 est,
1066 500 1141 542 ubi
1157 513 1307 542 verum
1316 499 1499 551 Lesbiae
1515 510 1671 540 nomen

29 565 393 603 commemoratur
423 563 466 602 in
499 561 697 602 omnibus
737 573 845 616 quae
882 561 934 602 ad
966 574 1043 602 nos
1081 562 1366 615 pervenerunt
1397 559 1671 612 antiquorum

39 621 216 676 scriptis.
285 620 455 675 Reliqui
499 621 550 662 de
593 620 743 662 Lesbia
788 621 880 671 loci,
926 621 1000 675 qui
1047 620 1158 675 apud
1208 620 1406 673 antiquos
1450 619 1673 672 scriptores

38 680 250 734 leguntur,
292 680 398 721 nihil
443 681 554 732 novi,
596 680 708 734 quod
753 693 842 721 rem
892 680 1085 734 illustret,
1112 678 1322 720 afferunt.
1389 677 1673 732 Propertius1)

28 740 149 783 -enim
181 752 267 781 uno
283 740 505 794 praecipue
538 740 629 781 loco
662 752 755 780 eam
772 743 1085 792 commemorat,
1117 738 1191 780 ubi
1223 738 1412 779 diversos
1428 736 1672 791 aequalium

37 803 254 853 poetarum
287 800 500 854 componit
530 811 712 840 amores:
746 799 885 852 „Haec
904 811 1075 853 quoque
1098 798 1243 840 lascivi
1265 801 1490 838 cantarunt
1519 797 1673 850 scripta

30 858 190 900 Catulli
212 857 361 900 Lesbia
393 859 489 913 quis
520 859 610 913 ipsa
632 859 770 899 notior
801 862 863 899 est
887 858 1084 900 Helena“.
1133 857 1348 910 Martialis,
1378 859 1670 911 praeterquam

30 917 150 971 quod
191 918 357 972 saepius
402 919 453 958 de
495 917 670 959 Lesbiae
712 930 880 972 passere
927 922 967 959 et
1013 918 1064 959 de
1105 916 1363 958 carminibus
1407 916 1519 969 dicit,
1563 928 1672 969 quae

31 976 229 1018 Catullus
274 978 319 1018 in
366 990 458 1018 eam
506 979 753 1032 composuit,
804 979 937 1032 ipsam
984 977 1179 1018 Lesbiam
1228 984 1377 1031 quater
1421 976 1672 1028 nominat,2)

31 1035 218 1090 denique
240 1036 492 1091 Iuvenalisss)
525 1037 653 1078 semel
686 1049 778 1078 eam
810 1040 1122 1079 commemorat.
1168 1036 1237 1077 Ex
1253 1036 1318 1077 his
1335 1035 1532 1077 omnibus
1563 1034 1673 1075 locis

37 1095 142 1136 nihil
189 1097 288 1136 novi
335 1096 386 1137 de
410 1096 581 1138 'Lesbia
627 1097 822 1151 cognosci
866 1109 988 1151 posse
1034 1096 1306 1137 manifestum
1356 1098 1429 1137 est.
1506 1094 1674 1136 Scimus

31 1156 167 1209 igitur
197 1151 251 1196 ex
281 1156 372 1210 ipso
405 1156 567 1197 Catullo
599 1156 947 1210 reliquorumque
977 1157 1251 1210 antiquorum
1275 1156 1529 1209 scriptorum
1560 1154 1674 1195 testi-

39 1215 193 1255 moniis
223 1220 388 1269 poetam
420 1228 583 1257 amasse
619 1215 832 1268 feminam,
871 1229 998 1270 quam
1037 1215 1144 1256 dixit
1174 1214 1381 1268 Lesbiam,
1418 1226 1559 1268 neque
1595 1214 1674 1254 hoc

37 1274 208 1315 nomine
243 1273 390 1316 fictum
429 1275 614 1330 aliquem
651 1288 837 1316 amorem
875 1275 1066 1328 indicari,
1111 1275 1182 1316 sed
1228 1274 1307 1315 sub
1351 1273 1456 1315 falso
1500 1272 1674 1314 Lesbiae

38 1334 210 1374 nomine
252 1347 377 1375 verae
420 1335 610 1376 mulieris
655 1348 878 1389 personam
921 1334 1067 1386 latere,
1113 1334 1274 1375 accedit
1314 1333 1427 1388 quod
1465 1333 1674 1387 Apuleius

32 1392 183 1433 -docuit
214 1393 321 1434 hanc
353 1394 575 1435 mulierem
609 1393 795 1435 Clodiam
829 1407 919 1435 esse
952 1394 1116 1436 dictam.
1165 1393 1233 1434 Ex
1270 1394 1519 1447 antiquitate
1556 1392 1675 1434 nulla

37 1452 120 1492 alia
151 1452 202 1493 de
219 1451 371 1494 Catulli
402 1453 618 1494 amoribus
649 1454 700 1494 ad
734 1466 810 1495 nos
841 1454 1033 1508 pervenit
1063 1454 1276 1494 memoria.
1327 1451 1492 1502 Quibus
1523 1452 1675 1493 funda-

37 1512 190 1552 mentis
222 1513 314 1553 nixi
349 1512 540 1567 plerique
578 1513 757 1554 editores
793 1514 1091 1554 iudicaverunt
1126 1512 1320 1554 Lesbiam
1360 1512 1514 1553 Catulli
1543 1511 1675 1553 fuisse

31 1583 223 1611 :sororem
265 1572 387 1612 istam
433 1572 478 1615 P.
524 1572 658 1613 Clodii
702 1572 876 1614 Pulchri
913 1572 1074 1614 tribuni
1112 1572 1481 1627 „quadrantariae“
1521 1584 1675 1626 cogno·

39 1631 153 1671 mine
190 1630 392 1672 famosam
431 1636 472 1673 et
509 1644 562 1673 ex
602 1632 823 1673 Ciceronis
853 1633 1039 1673 maxime
1078 1632 1274 1673 Caeliana
1312 1634 1466 1673 notam.
1538 1629 1676 1680 Quam

31 1690 288 1731 sententiam
326 1691 409 1732 iam
449 1691 615 1732 saeculo
659 1696 777 1732 sexto
821 1691 982 1733 decimo
1020 1691 1175 1733 Petrus
1211 1689 1465 1739 Victorius4)
1502 1690 1677 1745 protulit

40 1748 179 1790 verbis
212 1749 488 1804 his:‚„ipsum
522 1755 685 1805 poetam
706 1751 784 1792 hoc
807 1752 1025 1793 ostendere
1043 1751 1182 1792 videri
1198 1751 1265 1792 vel
1281 1752 1422 1805 potius
1452 1749 1676 1792 manifesto

35 1808 286 1850 declarare.“
332 1810 514 1864 Antiqui
547 1814 909 1864 commentatores.
942 1812 1017 1865 qui
1034 1810 1247 1868 Catu-llum
1278 1811 1540 1864 interpretati
1562 1814 1679 1862 sunt,

39 1866 233 1909 Muretus
265 1871 305 1909 et
336 1868 493 1910 Statius
523 1869 647 1924 plane
679 1883 774 1911 cum
809 1882 857 1911 eo
891 1871 1169 1912 consentiunt.
1231 1869 1286 1910 Et
1323 1873 1371 1911 ut
1402 1870 1675 1924 antiquiores,

37 1928 100 1975 sic
145 1928 398 1969 recentiores
451 1941 622 1983 quoque
674 1929 865 1987 plerique
917 1930 962 1970 in
1008 1929 1159 1970 Lesbia
1206 1929 1441 1970 Catulliana
1487 1929 1675 1970 Clodiam

34 1987 163 2029 istam
210 1993 484 2039 agnoverunt.
556 1988 686 2029 Velut
730 1988 783 2030 M.
827 1988 1090 2043 Hauptius,⁵)
1134 1992 1182 2030 ut
1223 2003 1246 2030 a
1283 1990 1374 2030 viro
1416 1989 1467 2029 de
1511 1988 1676 2030 Catullo

39 2046 194 2100 optime
224 2048 374 2088 merito
405 2048 574 2088 initium
608 2048 773 2101 ducam,
804 2048 912 2089 hanc
942 2061 1032 2089 rem
1065 2052 1208 2090 nostra
1231 2052 1364 2090 aetate
1395 2048 1446 2089 ab
1465 2047 1676 2090 oblivione

35 2105 267 2153 vindicavit
282 2106 422 2148 verbis
454 2107 536 2148 his:
569 2107 672 2159 „Sed
692 2107 878 2161 puellam
909 2107 1023 2149 illam
1050 2113 1232 2148 amatam
1256 2111 1434 2159 tantum,
1467 2114 1676 2162 quantum

35 2164 248 2211 amabitur
265 2165 393 2219 nulla,
426 2178 511 2207 non
528 2166 736 2207 diversam
755 2179 846 2208 esse
877 2167 1078 2220 aLesbia,
1109 2166 1302 2208 Lesbiam
1327 2171 1469 2208 autem
1487 2167 1676 2208 Clodiam
1714 2217 1720 2222 ι

41 2224 163 2264 istam
196 2236 286 2265 esse
318 2225 670 2279 quadrantariam,
702 2227 944 2280 rectiusque
977 2240 1103 2282 quam
1136 2239 1274 2281 nuper
1310 2226 1468 2267 factum
1500 2227 1676 2268 memini

39 2282 94 2323 de
125 2294 173 2323 ea
203 2295 248 2324 re
279 2284 446 2325 saeculo
479 2289 597 2326 sexto
631 2285 792 2326 decimo
823 2287 1047 2340 primarios
1080 2286 1286 2341 quosdam
1309 2286 1422 2327 viros
1453 2286 1675 2339 iudicasse,

41 2341 202 2396 liquido
234 2341 481 2384 confirmare
507 2357 633 2398 posse
664 2345 766 2385 mihi
786 2345 931 2386 videor
963 2380 970 2387 .
1004 2380 1012 2388 .
1048 2381 1055 2389 .
1088 2379 1096 2387 .
1130 2358 1280 2386 verum
1312 2345 1363 2386 ab
1395 2345 1473 2386 hac
1504 2345 1676 2387 demon-

43 2398 258 2441 stratione
290 2414 407 2442 nunc
454 2403 625 2456 quidem
672 2403 970 2446 abstinendum
1024 2417 1116 2446 esse
1162 2405 1348 2446 cense0.“
1427 2405 1507 2446 Cui
1552 2405 1676 2460 plane

39 2460 207 2500 *assensi
253 2464 352 2501 sunt
391 2461 656 2516 Teuffeliusss)
689 2467 730 2504 et
759 2462 1070 2518 Kirchne1·us,⁷)
1118 2465 1192 2518 qui
1242 2464 1368 2505 nullis
1415 2466 1676 2519 argumentis

42 2518 179 2560 allatis
210 2520 462 2573 opinionem,
495 2532 621 2575 quam
653 2522 826 2576 protulit
856 2522 1083 2577 Hauptius,
1114 2522 1364 2565 confirmare
1395 2525 1532 2565 conati
1564 2528 1675 2567 sunt.

45 2577 179 2619 Aliter
208 2591 298 2620 rem
329 2584 507 2633 egerunt
526 2580 787 2635 Helbigiusss)
819 2585 859 2622 et
880 2581 908 2622 J
912 2582 1298 2637 ungclaussenus,9)
1332 2584 1406 2638 qui
1435 2583 1561 2638 longa
1593 2584 1676 2626 dis-

38 2638 259 2691 putatione
279 2637 454 2693 Hauptii
485 2641 734 2681 sententiam
768 2640 1063 2695 probaverunt.
1118 2640 1253 2691 Quam
1288 2643 1442 2697 optime
1474 2642 1676 2684 stabilivit

43 2695 284 2762 Ludovicus
307 2696 622 2753 -Schwabius¹⁰)
663 2700 709 2740 in
749 2701 1066 2754 quaestionibus
1111 2700 1357 2743 Catullianis
1401 2702 1539 2757 ampla
1583 2703 1676 2743 dili·
1730 2717 1734 2720 ’

64 2859 67 2862 ,
186 2825 211 2868 ¹)
238 2825 410 2870 ProleI,
430 2832 489 2870 34,
503 2838 554 2872 8⁸3
574 2831 765 2874 'praeterea
777 2830 841 2866 ΙΙΙ.
857 2834 914 2874 32,
931 2840 976 2865 ⁴5.
1010 2830 1041 2876 2)
1063 2830 1124 2875 Ερ.
1146 2830 1229 2868 VII.
1248 2836 1307 2873 143
1332 2831 1433 2875 VIII,
1449 2836 1511 2876 73;
1535 2831 1674 2877 X11‚44

43 2883 77 2908 v.
108 2877 129 2909 5
153 2883 228 2917 sqq.
255 2872 356 2917 XIV,
381 2884 428 2909 ττ.
465 2876 494 2919 3)
520 2875 590 2912 Sat.
620 2876 684 2918 VI,
712 2881 730 2912 Τ
757 2887 831 2922 sqq.
872 2878 901 2921 ⁴)
926 2877 1011 2912 Var.
1038 2878 1134 2914 Lect.
1155 2878 1257 2921 XVI,
1287 2885 1316 2915 1.
1369 2879 1399 2923 5)
1425 2880 1570 2916 Observ.
1598 2881 1674 2915 crit.

43 2930 120 2964 pag.
148 2924 181 2956 8.
230 2920 260 2963 ⁶)
290 2920 354 2956 Die
379 2921 550 2958 Gedichte
576 2924 639 2962 des
664 2924 789 2966 Catull,
822 2925 857 2959 in
890 2925 970 2959 dem
988 2925 1174 2961 Versmass
1206 2927 1269 2961 der
1294 2926 1473 2962 Urschrift
1497 2927 1675 2963 iibersetzt

40 2978 112 3002 ‘von
149 2966 346 3013 Hertzberg
380 2969 451 3004 und
481 2969 629 3014 Teuffel,
666 2971 854 3016 prolegom.
886 2983 918 3016 p.
952 2976 984 3008 9.
1042 2973 1072 3017 τ)
1098 2973 1155 3008 Ad
1192 2973 1311 3009 Horat.
1350 2973 1454 3011 Satir.
1484 2975 1511 3009 I.
1548 2979 1600 3011 10.
1629 2985 1674 3011 19.

39 3014 120 3050 Vol.
152 3014 199 3050 ΙΙ.
233 3025 309 3059 pag.
347 3019 416 3052 339
446 3016 484 3051 in
520 3021 601 3052 nota
635 3022 663 3053 1.
727 3019 756 3061 ⁸)
788 3019 966 3055 Deutsche
1002 3019 1236 3062 Jahrbiicher,
1277 3025 1367 3058 1842
1393 3032 1469 3067 pag.
1503 3026 1571 3058 344
1598 3032 1672 3067 sqq.

36 3061 73 3105 4δ)
99 3061 168 3096 Zur
185 3061 413 3108 Chronologie
439 3063 500 3098 der
514 3064 812 3101 Catullianischen
828 3067 1011 3111 Gedichte,
1038 3078 1115 3112 pag.
1143 3072 1175 3103 9.
1226 3068 1267 3112 ¹⁰)
1292 3069 1315 3104 1.
1330 3081 1360 3105 c.
1375 3070 1402 3113 I,
1418 3080 1496 3115 pag.
1512 3074 1555 3106 53
1570 3074 1674 3106 -135.
