1976 3294
968 183 1254 223 „26—

320 339 400 367 non
433 326 538 365 idem
553 328 614 365 est
645 323 976 376 consolatorium,
1009 322 1119 376 quod
1142 322 1244 363 alter
1265 322 1424 362 amicus
1455 322 1638 362 carmine
1651 321 1727 363 68·
1747 321 1910 375 petevit.

319 384 397 433 Qui
429 396 460 425 e.
493 383 567 423 68·
601 381 831 436 prologium
864 393 954 422 esse
984 381 1182 422 carminis
1207 378 1281 421 681)
1317 379 1610 420 iudicaverunt
1638 383 1787 421 errant.
1831 377 1914 428 Qui

318 446 433 496 poeta
477 440 612 482 subito
643 439 683 480 id
715 441 764 493 (c.
803 437 898 491 68¹³)
942 442 1147 493 praestare
1188 438 1333 491 potuit,
1375 437 1486 491 quod
1528 438 1611 478 iam
1647 437 1698 492 (c.
1736 435 1834 491 68⁸)
1870 449 1916 478 se

317 503 519 554 praestare
532 510 650 552 posse
667 497 858 550 negavit?
888 519 942 525 ——
974 495 1192 550 Illepidum
1217 496 1514 549 iuelegansque
1529 498 1648 547 esset,
1678 496 1712 536 si
1744 495 1827 536 duo
1842 494 1913 536 illa

314 558 495 598 carmina
507 556 899 612 conglutinaremus‚
930 566 1036 609 quae
1052 558 1161 595 recte
1180 554 1239 594 sic
1256 553 1470 607 descripsit
1485 552 1783 607 Westphalius:
1815 553 1910 606 „ein

316 629 411 656 zum
432 614 518 655 Teil
548 616 604 654 im
637 613 959 666 nachlassigsten
975 611 1155 653 Briefstil
1173 611 1487 666 geschriebenes
1503 611 1627 652 Billet
1649 611 1736 652 und
1751 611 1820 653 ein
1837 611 1914 652 mit

316 673 582 714 denkbarster
608 671 789 724 Sorgfalt
823 669 1169 724 ausgearbeitetes
1199 669 1430 710 Encomion
1471 670 1576 710 nach
1613 668 1912 723 griechischem

316 731 544 772 Vorbilde.“
578 753 631 762 --
662 729 1051 770 Praeterea-autem
1094 729 1135 768 in
1182 729 1318 782 priore
1355 729 1539 769 carmine
1574 732 1694 782 poeta
1730 727 1911 768 amicum

316 789 551 843 alloquitur,
595 789 637 828 in
669 787 795 828 altero
842 787 893 827 de
923 787 1055 827 amico
1087 787 1206 840 quasi
1253 785 1422 827 absente
1467 786 1665 840 loquitur,
1707 786 1824 840 prius
1855 784 1910 827 ad

316 849 507 898 amicum,
537 846 709 886 alterum
742 845 798 886 de
829 845 960 885 amico
992 845 1193 898 scriptum
1223 848 1294 886 est.
1328 868 1381 874 -—-
1413 843 1606 898 Denique
1636 845 1751 885 vario
1782 844 1912 885 animi

315 905 461 946 affectu
492 905 674 945 carmina
703 903 773 943 illa
803 902 986 943 confecta
1017 907 1126 944 sunt.
1187 902 1319 943 Nemo
1362 903 1439 943 erit
1470 903 1544 957 qui
1574 906 1694 956 neget
1714 903 1911 944 v.1-4o

315 964 420 1004 tristi
451 964 588 1003 animo
619 966 658 1002 et
694 974 843 1014 magno
890 961 1029 1001 dolore
1068 964 1280 1015 premente
1326 961 1499 1015 scriptos
1544 973 1645 1003 esse.
1703 960 1804 1001 Toto
1839 959 1913 1001 illo

315 1022 495 1062 carmine
536 1020 585 1060 ab
616 1020 732 1060 initio
775 1019 826 1059 ad
866 1018 992 1059 finem
1037 1020 1221 1060 cernitur
1264 1018 1403 1060 luctus
1433 1022 1587 1073 poetae,
1633 1019 1744 1072 quod
1776 1018 1913 1059 subita

315 1091 425 1119 mors
454 1079 589 1118 fratris
619 1082 751 1118 totum
781 1077 952 1118 ludendi
983 1077 1037 1130 (V.
1059 1076 1128 1119 191
1160 1082 1200 1118 et
1229 1077 1395 1117 amandi
1425 1079 1480 1131 (v,
1503 1077 1694 1130 27—30)
1725 1077 1911 1118 studium

316 1137 538 1177 abstulerit.
601 1134 735 1184 Quam
766 1136 870 1175 varii
901 1148 938 1176 v.
969 1136 1190 1177 41—160!
1253 1135 1379 1176 Poeta
1414 1139 1498 1176 tam
1528 1139 1683 1176 temere
1713 1135 1913 1189 loquitur,

315 1200 396 1236 tam
429 1195 555 1235 hilare
586 1194 813 1247 lepideque,
844 1194 946 1233 tanti
976 1194 1146 1234 interest
1182 1194 1272 1234 eius
1303 1206 1441 1234 amare
1469 1194 1696 1247 amarique,
1732 1197 1780 1234 ut
1809 1193 1911 1233 inita

313 1252 599 1305 subductaque
635 1252 792 1292 ratione
832 1251 1020 1292 dubitare
1057 1264 1264 1305 cogamur,
1301 1255 1445 1292 utrum
1482 1252 1525 1292 in
1562 1251 1688 1293 altero
1728 1251 1911 1292 carmine

312 1311 562 1351 affectionem
601 1311 727 1350 animi
773 1314 890 1363 poeta
932 1309 1189 1350 simulaverit
1231 1334 1283 1339 —
1324 1310 1435 1364 quod
1479 1310 1652 1350 minime
1688 1309 1912 1350 verisimile

314 1374 375 1409 est
392 1392 444 1397 —
462 1369 636 1408 aninter
651 1372 878 1421 utrumque
894 1380 1060 1408 carmen
1092 1367 1323 1408 confectum
1354 1369 1550 1422 temporis
1580 1368 1760 1422 spatium
1788 1368 1916 1408 inter-

316 1427 492 1467 cesserit.
559 1427 698 1479 Atque
734 1426 811 1466 hoc
848 1426 1015 1479 quidem
1056 1426 1166 1479 quod
1202 1426 1313 1467 idem
1351 1431 1412 1467 est
1442 1430 1567 1480 atque
1603 1427 1786 1467 carmina
1821 1438 1911 1467 esse

316 1484 547 1525 divellenda
577 1483 764 1524 Catullus
795 1485 882 1537 ipse
913 1485 1011 1525 satis
1047 1485 1263 1538 perspicue
1299 1485 1402 1525 mihi
1437 1485 1603 1526 videtur
1633 1484 1780 1537 dicere,
1816 1496 1911 1525 cum

311 1555 354 1583 se
384 1543 464 1582 iam
498 1544 550 1594 (v.
569 1542 653 1594 39),
686 1542 796 1595 quod
813 1543 972 1583 amicus
988 1544 1179 1596 petiverit
1199 1544 1362 1584 mittere
1383 1555 1503 1597 posse
1526 1546 1657 1596 neget.
1702 1541 1910 1596 Equidem

311 1613 392 1641 non
424 1606 522 1654 puto
553 1604 712 1654 poetam
744 1600 844 1641 adeo
877 1613 959 1640 non
991 1600 1070 1641 sibi
1091 1602 1333 1653 constitisse,
1365 1605 1411 1642 ut
1441 1601 1712 1642 nihilominus
1742 1603 1911 1642 centum

312 1659 456 1712 viginti
489 1671 633 1699 versus
664 1671 828 1699 summa
858 1671 958 1699 cura
989 1671 1126 1712 neque
1156 1660 1246 1700 sine
1276 1661 1535 1700 invocatione
1564 1659 1783 1700 Musarum
1814 1671 1911 1699 con-

310 1717 481 1770 scriptos
519 1716 790 1770 quadraginta
826 1716 908 1758 illis
945 1717 1122 1758 adderet.
1155 1741 1213 1748 --
1250 1718 1315 1758 Ad
1360 1730 1408 1759 ea
1445 1730 1552 1771 quae
1595 1717 1714 1758 attuli
1752 1717 1910 1758 accedit

311 1775 419 1827 quod
459 1775 540 1815 duo
578 1774 648 1814 illa
684 1775 867 1815 carmina
903 1787 1040 1828 neque
1077 1777 1300 1829 gramatice
1337 1789 1474 1829 neque
1510 1776 1641 1830 logice
1679 1775 1908 1816 cohaerent.

312 1832 497 1886 Epistula
527 1833 596 1872 illa
627 1833 810 1873 confecta
840 1837 917 1883 est3
952 1837 1136 1893 quaeut
1165 1834 1356 1887 pluribus
1386 1833 1525 1875 verbis
1556 1833 1803 1888 explanetur
1825 1846 1908 1874 non

311 1892 439 1943 poscit
469 1896 508 1931 et
539 1891 788 1931 secernenda
810 1895 871 1932 est
901 1903 972 1932 ac.
991 1890 1084 1942 681),
1149 1892 1270 1932 cuius
1301 1905 1352 1932 ne
1383 1905 1516 1932 unum
1548 1892 1713 1946 quidem
1733 1891 1908 1932 verbum

308 1952 460 2001 spectat
489 1949 539 1988 ad
572 1949 843 2002 quadraginta
873 1949 964 1990 illos
994 1961 1150 1990 versus.
1211 1949 1375 2004 (Neque
1411 1951 1522 1991 enim
1562 1954 1707 2004 putare
1737 1962 1907 2004 possum

309 2008 407 2055 „boc
439 2007 614 2047 ιῑιιιηιιειι
658 2020 694 2046 ν.
735 2008 815 2048 149
854 2007 1103 2060 respondere
1148 2008 1285 2049 verbis
1316 2008 1439 2061 „baec
1470 2008 1664 2049 munera“
1710 2021 1749 2049 v,
1784 2009 1836 2048 10
1867 2014 1908 2049 et

308 2065 374 2117 32,
405 2070 475 2105 aut
520 2078 617 2119 „pro
650 2064 790 2106 multis
821 2064 988 2106 officiis“
1020 2079 1057 2106 v,
1093 2066 1175 2107 150
1221 2067 1415 2120 „hospitis
1461 2066 1616 2107 ofiieio“
1665 2080 1702 2106 v.
1737 2065 1819 2119 12.)
1852 2091 1907 2096 —
1965 2079 1968 2084 ’

309 2121 433 2162 Poeta
463 2124 643 2163 carmine
675 2121 750 2163 681)
781 2136 863 2164 non
895 2124 1029 2164 solum
1061 2124 1171 2164 Allio
1216 2126 1369 2178 gratias
1405 2126 1499 2179 agit,
1547 2125 1656 2178 quod
1693 2125 1737 2164 in
1768 2136 1909 2165 amore

304 2180 470 2221 Lesbiae
507 2194 551 2222 se
587 2181 802 2233 adiuverit,
845 2182 916 2222 sed
958 2182 1082 2222 simul
1123 2182 1234 2223 hunc
1271 2195 1454 2224 amorem
1491 2185 1629 2236 ipsum
1667 2182 1904 2223 describens

308 2237 493 2279 Lesbiam
526 2244 701 2279 amatam
733 2238 921 2290 celebrat,
967 2241 1070 2280 mire
1115 2245 1334 2282 conectens
1378 2242 1478 2282 haec
1523 2254 1618 2282 cum
1663 2240 1908 2282 Laodamiae

306 2295 452 2338 fabula.
515 2296 627 2345 Quae
663 2309 758 2337 cum
790 2299 846 2338 ita
891 2299 973 2338 sint
1002 2300 1092 2339 iure
1122 2298 1279 2340 Bittius
1324 2299 1419 2340 libri
1462 2298 1570 2350 „Das
1601 2299 1739 2340 antike
1769 2298 1937 2355 Buchffi

308 2366 455 2405 wesen,
492 2355 631 2395 Berlin
668 2356 801 2396 1882“
844 2368 933 2410 pag.
981 2357 1065 2397 412
1113 2356 1208 2398 huic
1253 2358 1426 2398 carmini
1463 2356 1538 2399 681)
1570 2370 1721 2399 nomen
1758 2357 1908 2398 indidit

308 2410 407 2461 „Die
436 2425 577 2465 grosse
608 2413 926 2467 Glorificierung
955 2413 1158 2455 Lesbias“.
1219 2415 1283 2456 Ne
1319 2417 1491 2457 minime
1528 2416 1694 2470 quidem
1733 2415 1906 2456 dubium

307 2470 405 2509 mihi
438 2475 498 2510 est
530 2472 627 2524 quin
662 2472 738 2511 hoc
769 2473 951 2513 carmine
984 2471 1058 2513 681)
1089 2473 1169 2514 alia
1213 2474 1363 2515 mulier
1408 2487 1492 2515 non
1524 2473 1753 2515 celebretur
1782 2478 1906 2528 atque

310 2527 461 2567 Lesbia.
522 2529 626 2569 Sunt
657 2531 766 2570 enim
800 2530 988 2571 nonnulli
1021 2531 1207 2583 editores,
1240 2533 1311 2586 qui
1343 2545 1436 2573 cum
1468 2533 1714 2586 impugnent
1734 2531 1906 2586 Hauptii

306 2585 590 2638 Schwabiique
621 2587 670 2627 dc
700 2587 869 2629 Lesbiae
899 2601 1075 2642 persona
1105 2591 1363 2644 sententiam,
1394 2591 1445 2631 ad
1476 2603 1598 2644 quam
1633 2590 1905 2643 statuendam,

307 2648 350 2682 ut
380 2643 462 2683 iam
495 2656 617 2697 supra
649 2647 782 2698 priore
813 2646 937 2687 huius
968 2648 1155 2700 opusculi
1185 2653 1299 2702 parte
1315 2649 1508 2702 vidimus,
1539 2648 1765 2702 plurimum
1796 2647 1905 2689 valet

305 2715 336 2740 c.
370 2699 463 2753 681),
493 2701 569 2741 hoc
600 2704 781 2743 carmine
812 2705 878 2754 agi
910 2705 960 2745 de
991 2704 1136 2746 Lesbia
1169 2710 1330 2759 negent.
1392 2705 1471 2756 Qui
1503 2707 1592 2747 nixi
1624 2707 1763 2747 Ovidii
1791 2707 1903 2748 testi-

304 2760 454 2810 monio,
486 2761 556 2812 qui
586 2759 703 2802 Trist.
738 2762 784 2803 11.
819 2775 853 2803 v.
887 2763 970 2803 429
1003 2775 1091 2816 sqq.
1117 2764 1238 2805 dixit:
1273 2777 1371 2818 „nec
1402 2768 1620 2806 contentus
1651 2778 1700 2806 ea
1722 2763 1904 2819 (Lesbia)

304 2816 455 2856 multos
485 2817 669 2870 vulgavit
698 2831 869 2871 amores,
899 2821 942 2860 in
975 2821 1125 2874 quibus
1156 2823 1243 2875 ipse
1273 2835 1396 2863 suum
1417 2822 1552 2864 fassus
1580 2823 1902 2876 adulteriumst,“

303 2874 366 2914 vel
399 2874 597 2915 nonnulla
628 2878 808 2917 carmina
851 2879 1048 2919 amatoria
1099 2881 1253 2932 perisse
1290 2880 1356 2922 vel
1395 2881 1471 2922 hoc
1502 2893 1668 2923 carmen
1699 2881 1750 2922 ad
1781 2881 1902 2922 aliam

303 2931 516 2973 mulierem
549 2945 638 2974 esse
669 2935 929 2976 referendum
946 2938 1210 2979 contendunt.
1241 2937 1696 2985 Etiamsiconcedimus
1727 2938 1902 2991 „librum

301 2989 577 3031 Catullianum
609 3004 800 3033 mancum
834 2998 957 3047 atque
987 2994 1230 3037 lacunosum
1268 2996 1320 3037 ad
1351 3009 1428 3038 nos
1458 2996 1762 3052 pervennisse“,
1799 3009 1901 3037 num

298 3047 374 3087 hac
404 3060 456 3088 ex
489 3060 533 3089 re
563 3049 804 3103 colligamus
836 3063 1004 3093 necesse
1035 3057 1097 3094 est
1129 3053 1334 3095 Catullum
1367 3055 1537 3096 alteram
1554 3055 1767 3107 feminam,
1781 3054 1900 3096 cuius
