1976 3294
970 132 1253 172 „30-

325 275 455 319 brai-e.
488 279 533 314 ut
563 275 653 313 eius
683 285 735 313 ne
766 272 980 325 posteritas
1011 270 1178 324 quidem
1210 269 1400 311 omnium
1421 268 1684 310 saeculorum
1701 269 1923 310 immemor

323 335 387 374 sit.
448 332 524 372 Sed
556 332 708 371 mirum
739 331 782 370 in
800 329 969 370 modum
992 328 1157 368 fortuna
1179 327 1220 368 id
1238 327 1348 381 quod
1365 330 1484 380 poeta
1507 327 1550 367 in
1568 327 1706 368 animo
1724 325 1922 368 habuerat

326 392 376 432 ad
409 391 568 430 irritum
601 388 767 441 redegit.
815 387 872 427 Ut
901 387 1011 428 enim
1043 386 1211 426 omnino
1241 386 1285 425 in
1316 383 1529 425 codicibus
1557 385 1727 426 nomina
1757 385 1921 439 propria

329 459 520 502 persaepe
550 453 648 487 sunt
663 450 856 499 corrupta
872 446 929 486 ita
945 443 1167 485 Catulliani
1198 443 1293 483 libri
1323 443 1528 497 imprimis
1558 443 1735 484 nomina
1755 443 1922 497 propria

325 508 541 560 scriptores
573 504 679 545 male
709 503 977 555 tradiderunt,
1007 501 1194 542 conferas
1245 513 1277 542 c.
1309 502 1423 551 36.1;
1477 513 1509 542 c.
1541 502 1656 551 41.1;
1709 513 1740 540 c,
1774 502 1920 550 54.2.⁵;

324 577 358 605 c.
391 565 504 615 ἴ)2.ν.;
537 575 558 603 c
607 563 746 611 113.2;
779 575 801 602 c
845 562 976 610 67.12;
1010 561 1194 610 c.95.103
1227 571 1258 599 c.
1295 559 1454 609 101.1⁴;
1487 571 1519 600 c.
1544 559 1661 601 6854,
1697 557 1922 612 Praecipue

327 627 462 663 autem
511 622 552 661 in
601 624 738 660 nostro
781 620 962 659 carmine
1005 619 1127 658 amici
1174 629 1324 658 nomen
1370 628 1563 671 perverse
1607 616 1806 658 traditum
1850 624 1922 659 est.

326 680 463 721 Liceat
504 679 554 719 de
585 678 659 718 hac
705 689 748 718 re
793 677 915 730 paulo
958 677 1190 716 accuratius
1237 675 1446 716 disserere.
1509 674 1723 716 Prioribus
1754 675 1922 728 quidem

325 737 577 791 temporibus
607 736 794 781 editores,
825 737 896 788 qui
915 747 944 774 c.
979 735 1053 775 688ι
1071 739 1111 774 et
1127 746 1158 774 c.
1191 731 1266 774 681’
1291 746 1425 774 unum
1455 732 1804 787 individuumque
1834 745 1924 774 esse

326 795 570 850 putaverint,
601 795 722 834 amici
753 805 901 833 nomen
946 804 1035 833 esse
1066 791 1265 832 Manlium
1314 792 1450 832 dicere
1471 824 1475 828 .
1494 803 1576 832 non
1619 791 1922 832 dubitaverunt.

333 854 379 894 In
413 854 546 907 priore
594 854 774 892 carmine
819 852 895 891 hoc
925 850 1182 904 probandum
1215 854 1286 891 est.
1346 848 1452 890 Nam
1485 850 1527 890 in
1574 850 1700 890 huius
1730 850 1925 890 carminis

330 925 364 952 v.
402 913 449 951 11
484 916 524 951 et
553 923 590 950 v,
622 912 677 951 30
707 909 798 949 libri
832 909 1105 949 tradiderunt:
1138 908 1294 960 „mali‘².
1325 907 1405 949 Sed
1436 920 1531 948 cum
1550 907 1748 960 „Malius“
1772 919 1922 948 nomen

327 969 560 1010 Romanum
606 980 687 1008 non
734 973 852 1019 esset,
895 967 1140 1007 mutandum
1189 971 1276 1007 erat
1316 967 1358 1006 iu
1404 965 1579 1019 ‚,Manli“
1626 966 1714 1007 sive
1751 965 1922 1018 „Maura

330 1027 616 1068 Lachmannus
648 1029 842 1079 (eumque
858 1031 1025 1066 secutus
1046 1023 1475 1078 Hauptius‚Weisius,
1508 1023 1733 1074 Usenerus)
1763 1025 1926 1078 scripsit

329 1084 539 1138 „Manius“
585 1084 649 1124 vel
693 1083 868 1136 „Mani‘·‚
915 1083 1024 1136 quod
1070 1086 1131 1123 est
1194 1095 1454 1136 praenomen.
1530 1081 1649 1131 Quod
1695 1083 1924 1123 rectissime

330 1143 565 1197 repudiasse
594 1142 695 1182 mihi
728 1142 890 1182 videtur
919 1141 1160 1182 Schwabius
1182 1142 1222 1194 1).
1253 1140 1361 1181 Nam
1391 1141 1435 1181 in
1462 1141 1707 1182 universum
1739 1139 1926 1182 Catullus

330 1214 354 1241 a
383 1200 718 1255 praenominibus
749 1199 1011 1240 nominandis
1042 1199 1250 1240 abstinuit.
1309 1199 1409 1239 Toto
1441 1200 1551 1240 enim
1599 1199 1689 1240 eius
1718 1199 1836 1250 libro,
1880 1199 1924 1239 in

326 1272 412 1313 -quo
471 1258 674 1312 permulta
735 1259 902 1298 nomina
961 1262 1000 1299 et
1059 1258 1305 1311 cognomina
1364 1257 1571 1310 leguntur,
1633 1257 1715 1298 duo
1761 1261 1924 1298 tantum

331 1318 596 1371 praenomina
627 1321 667 1356 et
696 1317 755 1356 ita
786 1316 951 1369 quidem
973 1321 1017 1356 ut
1032 1317 1279 1369 cognomina
1309 1314 1368 1356 eis
1399 1315 1536 1356 addita
1551 1316 1636 1356 sint
1650 1316 1927 1369 reperiuntur,

330 1375 424 1415 vide
454 1388 485 1415 c.
517 1374 570 1415 X.
603 1375 674 1414 31:
708 1373 862 1427 „Cinna
893 1379 954 1415 est
985 1374 1124 1426 Gaius,
1154 1375 1190 1414 is
1207 1373 1494 1427 sibiparavit“,
1524 1378 1612 1415 etc.
1629 1372 1925 1415 XXXXVHI.

330 1435 374 1474 2:
408 1438 531 1486 „quot
561 1437 658 1473 sunt
689 1437 873 1486 quotque
889 1432 1015 1484 fuere,
1045 1431 1183 1473 Marce
1199 1431 1341 1472 Tulli.“
1373 1431 1483 1486 Ergo
1516 1431 1644 1472 Manii
1676 1444 1925 1486 praenomen

330 1491 431 1532 falso
491 1491 630 1531 intulit
689 1490 979 1531 Lachmannus
1039 1490 1281 1544 corrigendo
1326 1491 1370 1530 in
1417 1503 1449 1532 c.
1482 1491 1538 1531 68
1585 1503 1622 1531 V.
1657 1492 1722 1543 11,
1760 1491 1828 1543 30,
1859 1491 1926 1532 66.

330 1549 577 1603 Sequendus
608 1549 734 1596 igitur
764 1554 825 1589 est
854 1550 895 1589 in
929 1561 960 1589 c.
994 1549 1069 1590 68ει
1087 1548 1276 1589 Muretus
1308 1549 1381 1602 qui
1411 1548 1558 1602 legerit
1587 1547 1823 1602 ‚‚Mallium“
1840 1549 1928 1590 sive

331 1607 589 1660 „Manlium“.
622 1607 740 1648 Falso
771 1611 908 1647 autem
940 1606 1128 1648 Muretus
1159 1608 1280 1647 etiam
1311 1608 1354 1647 in
1387 1608 1568 1647 carmine
1599 1604 1674 1648 68¹³
1693 1606 1927 1659 „Mallium“

331 1667 544 1706 restituere
574 1670 745 1705 conatus
775 1672 846 1706 est.
889 1665 1003 1706 Libri
1034 1665 1160 1706 semel
1191 1666 1232 1705 in
1267 1666 1344 1706 hoc
1374 1666 1556 1706 carmine
1587 1677 1739 1706 nomen
1771 1663 1929 1716 Manlii,

332 1724 510 1775 tradunt,
541 1736 579 1763 v,
611 1724 677 1764 66.
711 1723 846 1764 Versu
878 1724 933 1764 66
965 1736 1063 1764 vero
1095 1723 1247 1777 legitur
1275 1724 1318 1763 in
1357 1716 1497 1764 codice
1527 1723 1566 1763 V
1596 1736 1744 1777 „quam
1767 1722 1928 1765 fallius‘·

332 1795 368 1823 v.
402 1783 456 1822 50
488 1781 599 1834 „ali“‚
632 1795 668 1821 V.
703 1782 785 1822 150
818 1781 966 1833 „aliis“.
1028 1781 1192 1835 Optime
1238 1782 1314 1822 hac
1343 1782 1386 1821 iu
1430 1794 1475 1822 re
1520 1782 1694 1822 coniecit
1735 1781 1930 1835 Scaliger,

332 1841 403 1894 qui
436 1853 688 1893 quamquam
720 1839 947 1892 „Manlius“
992 1853 1028 1880 v.
1067 1842 1121 1881 66
1168 1853 1251 1880 non
1297 1843 1535 1893 commutat,
1575 1839 1701 1880 verba
1731 1839 1928 1892 „fallius‘·,

335 1899 446 1949 „ali“,
477 1898 612 1948 „aliis“
644 1900 684 1938 in
705 1898 886 1948 „Allius“
919 1900 1153 1939 correxerit.
1192 1898 1378 1938 Primum
1399 1898 1567 1951 quidem
1588 1897 1781 1938 facillime
1804 1899 1930 1952 scrip-

333 1962 440 1996 tores
462 1969 498 1997 ν.
531 1958 581 1996 41
603 1968 675 2009 pro
692 1954 806 2004 QUA
826 1955 904 1996 ME
922 1955 1118 1997 ALLIUS
1141 1955 1201 1997 IN
1224 1955 1295 1997 RE
1319 1957 1499 1996 scribere
1519 1962 1558 1996 et
1574 1956 1708 2010 legere
1724 1962 1891 2010 poteran
1901 1962 1929 1997 t:

333 2013 492 2062 QUAM
524 2013 752 2055 FALLIUS
783 2013 843 2054 IN
874 2013 957 2056 RE.
988 2014 1206 2055 Praeterea
1230 2019 1367 2055 autem
1394 2014 1484 2055 aliis
1515 2027 1682 2068 quoque
1701 2014 1930 2056 rationibus

333 2073 431 2112 haec
462 2073 695 2112 coniectura
740 2072 982 2114 defenditur.
1042 2072 1092 2114 In
1131 2086 1168 2115 ν.
1201 2074 1253 2113 41
1286 2072 1375 2113 fieri
1421 2085 1503 2113 non
1549 2077 1682 2126 potest
1726 2077 1772 2113 ut
1816 2073 1931 2114 resti-

332 2136 473 2170 tuatur
503 2143 650 2171 nomen
685 2129 827 2171 Manlii
858 2143 955 2171 cum
986 2131 1103 2172 aliter
1133 2131 1389 2172 desideretur
1429 2143 1604 2184 persona
1646 2131 1734 2172 sive
1776 2143 1842 2172 res
1879 2131 1929 2172 ad

334 2202 457 2242 quam
490 2188 662 2229 verbum
694 2190 890 2241 „iuverit“
922 2194 1086 2243 spectet.
1146 2189 1196 2230 In
1227 2202 1264 2230 V.
1297 2189 1353 2230 50
1399 2194 1538 2230 autem
1575 2201 1657 2230 non
1690 2189 1769 2229 nisi
1799 2195 1932 2230 trans-

333 2251 528 2300 ponentes
572 2247 695 2286 vei-ba
730 2246 871 2287 Manlii
913 2260 1063 2288 nomen
1108 2248 1324 2288 restituere
1368 2259 1602 2301 possumus.
1664 2245 1856 2301 Denique
1886 2249 1928 2288 in
1975 2281 1976 2286 ,

334 2318 370 2346 v,
407 2307 486 2345 150
519 2305 646 2345 multo
677 2305 838 2345 facilius
868 2306 1135 2346 restituemus
1166 2318 1219 2346 ex
1250 2305 1387 2357 „aliis“
1420 2305 1550 2358 „Alli“
1584 2318 1708 2360 quam
1742 2305 1931 2358 ‚,Manli“.

334 2363 381 2403 In
403 2375 437 2403 v.
470 2363 536 2413 66.
569 2369 613 2403 ut
643 2364 723 2403 iam
742 2363 938 2416 diximus,
968 2364 1099 2404 codex
1130 2363 1166 2404 G
1197 2376 1294 2404 cum
1324 2363 1497 2418 reliquis
1527 2363 1736 2418 plerisque
1766 2363 1933 2405 tradidit

335 2420 570 2470 „Manlius“.
604 2419 722 2469 Quod
755 2434 806 2462 ne
837 2422 1059 2471 corrigeret
1089 2419 1271 2476 Scaliger
1301 2422 1378 2463 hoc
1408 2422 1486 2463 sibi
1518 2423 1783 2476 excogitavit:
1831 2435 1927 2463 cum

334 2486 373 2518 ct
406 2478 539 2518 Allius
582 2484 621 2518 et
660 2478 837 2519 Manlius
882 2481 965 2520 sint
1009 2481 1179 2521 nomina
1222 2480 1404 2533 gentilia,
1449 2480 1531 2521 duo
1577 2485 1717 2521 autem
1763 2481 1932 2522 nomina

332 2536 500 2588 gentilia
531 2550 651 2577 nemo
682 2536 894 2578 Romanus
938 2538 1020 2579 illis
1057 2538 1312 2592 temporibus
1341 2538 1456 2592 ferat,
1486 2538 1763 2591 colligendum
1802 2542 1864 2580 est
1893 2539 1931 2580 ei

333 2594 507 2634 alterum
541 2607 687 2634 nomen
720 2608 743 2635 a
774 2601 886 2649 patre
915 2608 1112 2649 germano
1143 2597 1319 2638 alterum
1349 2610 1373 2637 a
1403 2600 1518 2650 patre
1539 2596 1730 2650 adoptivo
1752 2597 1928 2638 inditum

333 2664 434 2692 esse.
496 2651 586 2700 Qua
631 2654 671 2692 in
720 2666 762 2694 re
808 2654 1001 2707 Scaliger-i
1049 2656 1293 2695 sententiam
1340 2655 1431 2696 iure
1477 2666 1598 2695 nemo
1645 2659 1813 2696 secutus
1857 2663 1928 2696 est.

334 2709 622 2750 Lachmannus
652 2711 885 2751 emendavit
914 2712 1086 2763 „Mani“‚
1117 2712 1227 2766 quod
1250 2725 1375 2766 supra
1390 2713 1619 2754 reiecimus.
1654 2712 1931 2754 Rossbachius

334 2767 656 2821 Schwabiusque
687 2771 939 2822 scripserunt
970 2770 1152 2822 „Allius‘
1184 2783 1206 2811 e
1237 2771 1483 2811 coniectura.
1515 2769 1630 2819 Quos
1646 2779 1756 2813 recte
1785 2770 1932 2812 fecisse

334 2825 625 2878 comprobatur
656 2827 730 2866 hac
761 2840 829 2867 re:
877 2828 1122 2881 scripturam
1153 2827 1336 2880 ‚‚Allius“
1384 2828 1515 2869 codex
1546 2827 1580 2869 Ο
1613 2830 1655 2870 in
1688 2830 1776 2884 ipso
1807 2841 1932 2871 versu

333 2887 516 2934 testatur,
546 2897 640 2924 cum
674 2885 715 2924 in
748 2887 932 2938 margine
962 2886 1213 2940 adscriptum
1230 2885 1377 2927 habeat
1408 2886 1645 2940 „manlius“.
1672 2886 1787 2951 Quae
1803 2887 1934 2928 forma

478 3010 502 3053 ἱ)
527 3009 724 3052 Quaestion.
751 3010 873 3048 Catuli.
900 3022 977 3057 pag.
1005 3016 1058 3048 20.
