1976 3294
941 165 1225 205 ,28-

291 311 427 348 autem
461 306 645 346 omnium
678 304 890 358 proprium
921 307 1019 354 erat,
1064 306 1112 343 ut
1157 315 1282 343 unam
1326 305 1547 342 tractarent
1591 313 1691 342 rem.
1764 299 1892 342 Hunc

291 365 477 405 ordinem
510 365 549 403 in
583 362 772 416 plurimis
788 361 1072 415 Epiniciorum
1103 364 1144 401 et
1173 362 1217 401 in
1233 359 1446 401 Encomiis
1462 358 1690 400 Pindarum
1707 360 1892 400 tenuisse

296 421 570 475 Wcstplialius
600 419 783 460 affirmat.
846 418 911 459 Ex
957 419 1022 459 his
1068 431 1198 459 unum
1246 417 1413 471 aliquod
1453 415 1660 458 Catullum
1707 417 1891 459 carmine

286 479 361 520 (ish
397 480 600 519 imitatum
632 490 730 519 esse.
763 476 814 517 Et
830 481 992 517 exstare
1022 489 1152 530 pauca
1166 488 1220 517 ex
1236 476 1534 517 recentioribus
1545 479 1743 529 poemata,
1775 487 1882 529 quae

296 538 462 578 Pindari
494 536 633 577 stilum
666 537 814 576 totiens
845 534 1034 586 referant,
1066 535 1153 575 sive
1185 534 1294 588 quod
1327 546 1423 574 cum
1442 533 1618 574 heroicis
1639 534 1892 574 misceantur

294 609 369 646 rea,
406 608 511 649 quae
548 595 722 648 speciem
770 593 941 645 lyricam
986 605 1083 646 prae
1129 604 1172 633 se
1218 592 1364 644 ferant,
1409 592 1497 632 sive
1543 590 1653 645 quod
1700 590 1888 645 singulae

291 659 426 708 partes
457 653 622 693 duriore
658 653 764 692 inter
801 663 844 691 se
880 652 1074 691 iunctura
1111 654 1390 691 conectantur.
1451 650 1544 690 Tria
1574 650 1794 703 praecipue
1823 649 1890 690 hic

294 710 545 752 observanda
576 722 675 762 esse,
707 721 837 762 eaque
869 721 921 748 ex
952 709 1145 748 interiore
1173 709 1311 749 animo
1329 707 1498 749 Catulli:
1532 708 1753 748 amicitiam
1777 706 1891 759 Anii,

292 782 471 810 amorem
505 767 684 820 Lesbiae,
716 768 895 807 dolorem
928 766 1075 808 fratris.
1106 766 1269 807 Horum
1303 766 1413 820 quod
1446 767 1499 807 sit
1514 766 1708 806 intimum
1726 770 1888 820 poetam

296 829 336 868 iu
370 827 503 867 medio
535 832 745 879 tamquam
777 824 1004 878 Omphalon
1038 825 1241 878 posuisse:
1304 824 1485 865 dolorem
1522 824 1660 865 fratris
1689 825 1743 878 (v,
1776 825 1888 864 87—

297 899 335 927 v,
371 885 480 937 100).
541 886 734 924 Amorem
767 882 937 923 Lesbiae
974 884 1185 936 utrimque
1222 895 1319 923 eum
1348 884 1391 923 in
1423 882 1562 923 Archa
1593 886 1633 923 et
1662 881 1890 936 Sphragide

295 942 512 983 collocasse
543 943 671 995 (prior
700 955 737 982 v.
769 942 954 991 50-72,
984 940 1109 981 altere
1142 954 1176 982 v,
1211 941 1471 991 131—138),
1500 942 1542 981 in
1576 941 1746 981 exordio
1776 946 1817 981 et
1845 940 1888 981 in

295 1002 377 1041 fine
393 1001 611 1041 amicitiam
629 999 741 1050 Allii,
758 1001 860 1040 utin
879 999 1044 1052 Prologi
1061 1001 1114 1051 (v,
1134 998 1325 1051 40—-50)
1342 1004 1382 1039 et
1397 998 1621 1052 Epilogi(V.
1644 998 1889 1051 149—160)

294 1059 382 1099 loco
413 1063 526 1099 esset.
589 1057 835 1110 Katatropan
868 1062 907 1098 et
938 1056 1283 1110 Metakatatropan
1316 1069 1405 1098 esse
1435 1056 1680 1098 Laodamiae
1707 1056 1889 1097 fabulam

295 1123 350 1168 (v.
383 1117 550 1157 73-86
582 1121 622 1156 et
651 1129 687 1156 v,
723 1116 979 1163 101-130).
1041 1113 1155 1163 Quae
1187 1128 1439 1169 quamquam
1472 1116 1671 1169 sagaciter
1701 1128 1723 1155 a
1754 1114 1890 1155 West-

295 1175 428 1228 phalio
460 1175 687 1227 excogitata
717 1186 805 1214 esse
837 1186 916 1214 non
950 1186 1119 1227 possum
1150 1186 1311 1226 negare,
1348 1174 1538 1214 assentiri
1570 1185 1743 1227 nequeo,
1804 1172 1889 1213 Suo

295 1234 385 1273 iure
416 1246 462 1272 ea
492 1233 679 1272 reiecisse
710 1232 809 1271 mihi
840 1232 1034 1272 videntur
1063 1231 1308 1285 Rettigiusl)
1339 1236 1464 1285 atque
1493 1230 1771 1284 Schoellius2),
1817 1232 1890 1284 qui

295 1295 403 1330 recte
433 1290 640 1330 adnotavit
670 1289 762 1329 hoc:
810 1289 927 1342 „Wie
957 1287 1042 1330 sic'h
1090 1290 1155 1330 die
1193 1289 1470 1344 Composition
1509 1289 1695 1330 wirklich
1726 1289 1890 1339 erkffirt,

294 1349 406 1388 nicht
436 1361 510 1388 aus
541 1348 613 1388 der
643 1347 955 1401 Nomenpoesie‚
985 1348 1050 1388 die
1082 1349 1155 1388 mit
1185 1348 1258 1388 der
1287 1348 1429 1401 Elegie
1461 1360 1505 1389 so
1537 1348 1673 1402 wenig
1702 1360 1755 1388 zu
1786 1348 1890 1388 thun

295 1407 374 1458 hat,
405 1407 481 1446 wie
527 1407 600 1446 mit
637 1406 714 1446 den
747 1405 965 1459 Epinikien
1012 1406 1083 1446 des
1115 1405 1268 1446 Pindar
1313 1407 1399 1447 und
1446 1406 1524 1447 den
1572 1405 1887 1459 Chorgesangen

297 1465 367 1504 des
413 1464 661 1515 Aeschylus,
707 1464 883 1504 sondern
930 1477 1006 1505 aus
1052 1464 1130 1504 den
1185 1465 1400 1518 speciellen
1447 1464 1762 1505 Verhaltnissen
1817 1464 1889 1505 des

294 1522 425 1562 Catull
460 1523 536 1562 wie
566 1535 641 1562 aus
678 1521 750 1562 der
779 1523 850 1562 ihn
894 1521 1252 1563 beeinssussenden
1296 1523 1683 1564 alexandriniscben
1725 1521 1890 1574 Schule,

296 1581 367 1621 das
399 1581 465 1620 hat
496 1579 744 1620 namentlich
777 1579 830 1622 M.
862 1581 1003 1633 Haupt
1033 1581 1290 1634 angedeutet,
1320 1582 1406 1622 und
1441 1594 1524 1622 wer
1554 1581 1694 1622 diesen
1726 1579 1888 1635 Spuren

294 1638 404 1691 folgt,
437 1638 535 1678 wird
568 1638 789 1690 erkeunen,
819 1640 896 1679 wie
933 1639 1060 1679 sehon
1105 1639 1170 1679 die
1213 1639 1598 1680 alexandrinischen
1631 1638 1893 1680 Aesthetiker

296 1697 360 1736 die
405 1695 625 1736 Schonheit
667 1697 838 1736 suchten
886 1696 946 1737 als
989 1696 1362 1751 Mannigfaltigkeit
1400 1699 1443 1738 in
1489 1698 1562 1738 der
1592 1697 1759 1738 Einheit
1802 1696 1889 1738 und

295 1753 459 1794 Einheit
504 1755 545 1793 in
594 1754 666 1794 der
702 1754 1054 1807 Manigfaltigkeit,
1101 1756 1186 1796 und
1236 1757 1313 1796 wie
1358 1756 1417 1796 sie
1461 1755 1641 1806 glauben
1687 1755 1892 1806 mochten‚

294 1813 448 1852 diesem
479 1812 588 1852 Ideal
620 1811 842 1853 besonders
885 1814 989 1854 nahe
1029 1826 1080 1853 zu
1112 1813 1306 1854 kommen
1350 1813 1480 1854 durch
1512 1813 1578 1854 die
1609 1813 1748 1854 Kunst
1777 1814 1892 1854 eines

296 1883 340 1910 so
384 1869 661 1923 merkwiirdig
703 1871 1060 1924 verschlungenen
1106 1871 1335 1923 Aufbaues,
1386 1873 1464 1912 wie
1514 1873 1574 1912 sie
1617 1870 1750 1912 Catull
1802 1871 1892 1912 hier

294 1927 525 1968 offenbart.“
558 1927 630 1968 Est
660 1941 758 1968 sane
790 1929 865 1969 hoc
896 1941 1061 1970 carmen
1093 1929 1142 1969 ad
1174 1930 1385 1983 exemplar
1401 1929 1627 1982 elegiarum
1643 1929 1892 1970 Alexandri-

298 1998 444 2025 narum
483 1986 635 2026 factum
675 1988 1040 2040 compositumque.
1114 1987 1221 2028 Nam
1264 2001 1360 2028 cum
1397 1993 1517 2028 antea
1558 1988 1746 2042 plerique
1786 1988 1890 2042 epici

294 2047 434 2096 poetae
451 2043 565 2083 latini
597 2045 777 2085 maxime
808 2057 947 2086 rerum
965 2044 1246 2086 Romanarum
1278 2045 1447 2086 annales
1465 2046 1725 2100 scripsissent
1756 2058 1892 2099 neque

296 2101 599 2142 Alexandrinae
643 2104 778 2155 poesis
824 2105 1052 2144 accuratior
1100 2105 1270 2144 imitatio
1316 2105 1358 2144 in
1406 2117 1488 2145 usu
1532 2103 1695 2155 fuisset,
1741 2103 1891 2144 Catulli

299 2165 426 2200 aetate
458 2172 503 2199 ea
534 2160 760 2201 increbruit
791 2162 1107 2215 compluresque
1120 2169 1262 2215 poetae
1278 2162 1658 2203 Alexandrinorum
1689 2162 1890 2202 rationem

297 2223 419 2270 atque
450 2219 789 2259 consuetudinem
827 2219 988 2273 epylliis
1029 2226 1332 2274 expresserunt.
1394 2219 1545 2273 Veluti,
1576 2225 1624 2261 ut
1659 2221 1702 2260 in
1741 2219 1892 2261 Catulli

296 2276 437 2315 amicis
468 2289 543 2316 nos
574 2278 874 2329 contineamus,
906 2277 1083 2318 Helvius
1114 2277 1246 2318 Cinna
1266 2278 1488 2331 Smyrnam
1519 2279 1693 2332 scripsit,
1725 2290 1889 2319 carmen

298 2334 831 2388 nontadmodumlongum,
861 2335 1047 2377 Licinius
1078 2335 1229 2377 Calvus
1259 2337 1317 2388 Io,
1348 2349 1455 2390 quae
1485 2340 1526 2377 et
1554 2337 1643 2391 ipsa
1672 2348 1757 2377 uno
1789 2335 1893 2377 libro

297 2392 590 2444 comprehensa
639 2392 767 2433 fuisse
824 2393 998 2435 videtur.
1076 2394 1140 2435 Ita
1199 2393 1385 2436 Catullus
1452 2396 1657 2449 imprimis
1716 2398 1757 2436 et
1817 2395 1891 2448 qui

300 2451 336 2492 οἱ
365 2452 560 2503 νεώτεροι
599 2456 800 2491 vocantur
824 2452 1292 2505 poetasAlexandrinos,
1306 2454 1379 2507 qui
1391 2454 1472 2507 ipsi
1494 2453 1603 2494 docti
1619 2453 1888 2506 antiquorum

298 2510 546 2548 Graecorum
565 2509 787 2549 imitatores
809 2515 937 2562 erant,
967 2511 1201 2564 sequendos
1232 2511 1310 2551 sibi
1340 2514 1648 2566 proposuerant.
1696 2510 1890 2564 Namque

298 2578 378 2604 non
411 2566 541 2605 solum
575 2571 702 2607 aetate
733 2568 912 2620 proximi
934 2573 1147 2622 poetarum
1165 2569 1431 2622 Graecorum,
1461 2569 1532 2610 sed
1564 2570 1688 2610 etiam
1710 2569 1891 2623 ingeniis

295 2622 443 2663 Catulli
461 2624 632 2676 eiusque
649 2626 875 2666 amicorum
908 2627 1090 2667 maxime
1120 2639 1238 2681 pares
1260 2628 1428 2681 aptique
1449 2631 1576 2669 erant.
1608 2626 1891 2668 Abundabant

296 2680 671 2721 Alexandrinorum
705 2689 891 2735 poemata
921 2685 1106 2725 doctrina
1136 2690 1176 2726 et
1206 2690 1293 2726 arte
1322 2685 1405 2737 illa,
1442 2698 1567 2739 quam
1598 2684 1752 2726 frustra
1781 2683 1891 2739 apud

295 2743 453 2779 veteres
484 2751 581 2779 suos
611 2744 750 2792 poetas
781 2740 955 2782 Romani
998 2742 1274 2796 requirebant.
1334 2742 1466 2784 Plena
1509 2747 1608 2785 sunt
1637 2746 1890 2784 remotarum

295 2801 336 2836 et
366 2796 668 2837 reconditarum
706 2797 937 2840 fabularum
984 2813 1031 2841 ac
1076 2800 1298 2855 perpolitae
1341 2800 1456 2842 illius
1486 2801 1724 2855 elegantiae,
1767 2813 1892 2855 quam

298 2853 405 2907 apud
451 2854 643 2907 antiquos
689 2868 786 2896 suos
828 2861 966 2910 poetas
1011 2859 1255 2900 iamdudum
1299 2858 1643 2901 desideraverant.
1682 2857 1796 2908 ‘Qua
1842 2857 1893 2899 de

293 2923 420 2974 caiisa
450 2918 590 2974 poetae
622 2914 717 2953 novi
755 2927 777 2954 a
809 2913 1003 2957 Cicerone
1021 2917 1055 2969 ³)
1102 2917 1270 2958 nomine
1313 2922 1528 2971 poetarum
1574 2917 1790 2959 doctorum
1827 2915 1895 2958 vel

293 3036 323 3071 ⁸,
347 2990 680 3073 TuscOICIatullgqpa
690 2992 736 3035 11,
751 2992 883 3029 Bernae
900 2998 998 3030 1879.
1025 2994 1053 3038 ²)
1069 2994 1281 3031 Fleckeiseni
1293 2995 1406 3031 annal.
1424 2999 1524 3041 1880,
1538 2996 1606 3032 vol.
1621 2999 1700 3040 121,
1723 3005 1800 3040 pag.
1814 2997 1895 3032 47⁴.

438 3065 445 3072 .
527 3064 536 3080 .
609 3064 618 3081 ,
658 3066 664 3072 .
692 3058 735 3063 -
