1976 3294
969 153 1223 191 „4-

302 301 448 335 mores,
478 290 662 343 gentiles,
694 290 850 330 amicos
881 289 993 330 illius
1026 289 1212 330 mulieris
1243 301 1488 342 cognoscere
1517 289 1756 343 poterimus,
1792 288 1905 329 mul—

303 357 390 391 tum
422 349 516 389 inde
547 348 652 389 lucri
682 348 962 401 interpretatio
994 351 1034 388 et
1057 347 1276 401 explicatio
1307 347 1538 387 carminum
1571 345 1899 388 Catullianorum

303 409 430 458 faciet,
462 406 603 447 multis
633 402 882 457 hominibus,
913 418 1089 459 quorum
1123 406 1290 445 nomina
1319 405 1362 444 in
1395 405 1453 445 eis
1483 404 1690 458 leguntur,
1721 417 1824 446 suus
1853 405 1898 445 in

304 466 471 506 historia
500 465 612 505 illius
634 465 828 517 temporis
850 463 966 504 locus
987 462 1276 514 vindicabitur,
1307 474 1385 515 res,
1406 463 1457 503 ad
1481 475 1584 516 quas
1604 466 1725 516 poeta
1741 462 1901 515 alludit,

306 523 453 564 melius
483 528 522 563 et
558 524 789 563 accuratius
828 521 1129 574 intellegentur.
1190 520 1362 561 Accedit
1398 521 1509 574 quod
1545 521 1772 562 multorum
1812 533 1900 561 car-

303 583 462 622 minum
502 585 672 621 aetatem
711 579 881 620 definire
919 584 959 619 et
994 582 1153 619 certum
1191 578 1388 627 ordinem,
1427 579 1499 632 qui
1536 590 1649 619 nunc
1686 579 1730 618 in
1760 578 1903 620 libello

227 666 235 674 ·
304 639 532 680 Catulliano
581 638 700 691 plane
747 637 1013 688 desideratur,
1064 637 1279 677 restituere
1322 648 1556 690 possumus,
1600 637 1635 677 si
1681 648 1788 690 quae
1828 635 1899 677 illa

303 697 426 738 fuerit
455 697 732 737 statuerimus.
791 694 878 736 Nec
918 699 979 735 est
1015 694 1286 735 omittendum
1325 707 1413 735 eam
1453 695 1639 735 notitiam
1676 694 1726 735 ad
1763 706 1906 735 mores

306 755 569 808 indolemque
586 754 735 794 Catulli
752 754 985 794 accuratius
1000 753 1283 807 perspicienda
1300 753 1479 793 multum
1497 757 1607 794 certe
1622 753 1826 806 prodesse.
1844 775 1897 781 —

444 811 603 853 Nomen
636 810 862 864 „Lesbiae“,
894 811 1004 864 quod
1021 810 1208 852 Catullus
1238 812 1416 851 amasiae
1432 823 1531 852 suae
1561 811 1719 863 indidit,
1755 811 1902 851 fictum

305 883 394 911 esse
424 875 582 911 constat
619 870 768 910 diserto
807 868 943 910 Ovidii
979 870 1226 921 testimonio,
1264 869 1371 909 Trist
1409 869 1451 909 II
1487 882 1524 910 v.
1555 870 1659 910 428:
1697 868 1787 921 „Sic
1823 881 1902 909 sua

304 930 455 969 lascivo
487 932 645 968 cantata
675 932 736 968 est
766 939 886 981 saepe
909 926 1067 967 Catullo
1097 927 1262 978 femina,
1293 928 1359 967 cui
1388 927 1539 968 falsum
1570 925 1717 968 Lesbia
1747 939 1898 983 nomen

305 987 423 1028 erat.“
484 986 532 1026 In
564 986 639 1026 hac
668 987 826 1026 ratione
857 986 1072 1026 nominum
1104 985 1432 1038 fingendorum1)
1469 984 1677 1026 Catullum
1714 985 1906 1041 aliosque

302 1048 441 1099 poetas
478 1043 684 1084 Romanos
721 1043 1099 1084 Alexandrinorum
1146 1055 1301 1084 morem
1339 1047 1502 1084 secutos
1540 1055 1630 1084 esse
1671 1043 1905 1084 verisimile

305 1107 375 1144 est.
419 1102 559 1142 Minus
582 1107 627 1142 ut
648 1106 863 1160 parcerent
881 1102 1013 1142 famae
1035 1101 1266 1155 puellarum
1296 1102 1525 1142 amatarum
1558 1102 1726 1142 nomina
1755 1114 1899 1142 earum

305 1160 623 1211 commutabant,
655 1161 806 1214 quippe
838 1172 943 1213 quae
974 1161 1072 1200 satis
1103 1164 1223 1200 notae
1254 1160 1501 1213 plerumque
1531 1165 1669 1200 essent
1697 1159 1906 1213 facileque

305 1223 635 1285 agnoscerentur,
671 1218 741 1258 sed
779 1230 846 1258 eas
883 1231 906 1258 a
937 1217 1062 1271 vulgo
1099 1217 1378 1269 secernebant,
1416 1229 1467 1258 ne
1503 1218 1764 1258 dominarum
1803 1230 1901 1258 vera

306 1278 472 1317 nomina
501 1280 824 1330 pervagarentur
855 1277 1041 1316 omnium
1072 1288 1145 1329 per
1175 1288 1246 1316 ora
1277 1288 1381 1316 neve
1396 1275 1722 1329 profanarentur,
1753 1279 1793 1316 et
1823 1287 1903 1328 „ex

307 1336 411 1375 vitae
442 1335 667 1375 cotidianae
704 1334 793 1375 labe
830 1334 1042 1374 submotas
1079 1338 1374 1387 exemptasque
1414 1335 1534 1387 quasi
1570 1333 1807 1375 attollebant
1849 1333 1900 1374 ad

306 1406 429 1447 puras
475 1393 649 1433 aetheris
692 1394 849 1443 auras“,
896 1405 978 1446 quo
1021 1392 1151 1432 amori
1196 1393 1274 1445 ipsi
1326 1392 1566 1446 dignitatem
1617 1396 1658 1433 et
1701 1392 1901 1433 honorem

306 1451 504 1491 afferrent.
552 1450 730 1490 Nomina
759 1463 806 1491 ea
823 1450 1068 1504 plerumque
1090 1453 1232 1503 poetae
1263 1449 1479 1504 eligebant,
1509 1462 1615 1504 quae
1645 1451 1688 1490 in
1720 1449 1899 1491 indolem

306 1514 580 1562 naturamque
595 1510 843 1549 amasiarum
866 1509 1144 1550 convenirent.
1175 1507 1336 1549 Nomen
1354 1507 1526 1549 Lesbiae
1548 1516 1644 1549 cum
1661 1507 1909 1549 nominibus

306 1568 365 1608 eis
396 1567 499 1607 bene
536 1568 762 1620 comparari
799 1571 941 1620 potest,
980 1579 1087 1619 quae
1123 1566 1191 1606 alii
1228 1571 1369 1620 poetae
1404 1565 1688 1607 Romanorum
1725 1567 1814 1607 sive
1849 1566 1902 1606 ad

306 1629 515 1679 poetarum
553 1629 744 1676 patronos
781 1625 943 1665 divinos
980 1626 1066 1665 sive
1110 1625 1160 1664 ad
1200 1626 1376 1678 poetrias
1411 1626 1595 1679 insignes
1637 1625 1907 1678 respicientes

305 1683 453 1737 puellis
483 1684 583 1733 suis,
620 1684 859 1736 praesertim
898 1684 932 1723 si
969 1694 1138 1736 poeseos
1174 1695 1356 1724 amorem
1395 1683 1534 1736 aliquo
1571 1683 1693 1723 modo
1729 1695 1828 1736 prae
1857 1694 1906 1723 se

305 1741 499 1791 ferebant,
550 1746 759 1794 tamquam
814 1742 935 1782 sociis
987 1741 1219 1781 studiorum
1271 1741 1414 1781 indere
1465 1740 1659 1782 solebant.
1735 1740 1804 1782 Sic
1848 1753 1905 1781 ex

308 1799 509 1853 Apollinis
531 1812 743 1839 musarum
767 1799 966 1852 praesidis
988 1798 1305 1850 cognominibus
1324 1798 1550 1852 appellatae
1580 1803 1679 1839 sunt
1698 1797 1904 1839 Leucadia

307 1870 330 1897 a
361 1858 547 1903 Varrone
578 1858 774 1908 Atacino,·
794 1857 912 1898 Delia
942 1870 966 1896 a
995 1856 1169 1908 Tibullo,
1200 1857 1378 1908 Cynthia
1413 1869 1437 1896 a
1467 1855 1695 1911 Propertio,
1730 1856 1908 1908 Ly'coris.

307 1929 330 1956 a
361 1915 548 1955 Cornelio
580 1915 707 1956 Gallo.
769 1914 953 1955 Poetriae
982 1915 1239 1968 Tanagraeae
1269 1924 1419 1955 nomen
1451 1914 1502 1954 ad
1536 1914 1716 1969 puellam
1753 1914 1907 1955 Roma·

308 1986 401 2013 nam
434 1972 676 2013 translatum
699 1977 760 2014 est
790 1973 840 2013 ab
867 1972 1026 2021 Ovidio,
1058 1973 1131 2026 qui
1153 1973 1348 2013 amasiam
1372 1973 1646 2013 nominaverit
1668 1971 1902 2013 Corinnam.

306 2029 452 2085 Neque
483 2030 660 2071 dubitari
684 2035 827 2084 postet,
857 2031 1097 2084 praesertim
1128 2043 1223 2071 cum
1247 2032 1427 2084 primum
1460 2032 1646 2071 omnium
1671 2032 1903 2071 carminum

307 2089 356 2129 ad
404 2089 592 2129 Lesbiam
639 2090 860 2130 missorum
910 2101 932 2129 e
964 2089 1126 2142 Sappho
1165 2098 1415 2142 ’expressum
1460 2089 1524 2140 sit,
1568 2090 1670 2142 quin
1716 2088 1904 2129 Catullus

309 2147 596 2188 celeberrimae
637 2148 817 2200 poetriae
862 2146 1033 2188 Lesbiae
1082 2147 1218 2187 studio
1265 2146 1467 2187 adductus
1512 2147 1575 2198 sit,
1626 2153 1673 2187 ut
1694 2181 1703 2191 .
1723 2146 1905 2200 puellam

308 2211 482 2245 amatam
515 2205 737 2246 honorifico
774 2205 845 2245 illo
877 2207 1044 2246 nomine
1073 2206 1115 2245 in
1148 2204 1338 2245 versibus
1375 2205 1462 2245 suis
1492 2205 1718 2258 insigniret.
1778 2204 1904 2245 Haud

309 2264 392 2303 scio
438 2276 489 2303 an
535 2263 659 2303 simul
704 2275 887 2303 amorem
933 2275 1101 2316 poeseos
1152 2268 1192 2303 et
1237 2275 1383 2303 versus
1424 2262 1601 2303 faciendi
1651 2266 1779 2303 artem
1826 2263 1910 2303 hoc·

311 2322 475 2362 nomine
505 2322 547 2361 in
579 2321 649 2361 illa
679 2320 814 2375 puella
844 2321 972 2362 fuisse
1002 2321 1307 2375 praedicaverit,
1339 2334 1464 2374 quam
1501 2333 1586 2361 una
1615 2333 1710 2361 cum
1743 2319 1910 2361 Catullov

314 2391 458 2419 versus
488 2379 632 2420 fecisse
661 2378 857 2420 Sidonius
888 2378 1176 2433 Apollinaris²l
1206 2379 1382 2419 tradidit.
1414 2403 1468 2409 --

449 2438 609 2477 (sertam
641 2437 773 2491 legem
796 2438 838 2477 in
863 2436 1100 2478 nominibus
1121 2437 1326 2490 fingendis
1346 2441 1488 2491 poetae
1510 2435 1734 2490 amatoriiss)
1766 2435 1914 2478 obser--

312 2493 472 2543 vabant,
504 2500 547 2534 ut
578 2495 690 2535 salvo
706 2500 836 2536 metro
853 2495 1027 2536 alterum
1055 2507 1206 2536 nomen
1239 2507 1334 2535 cum
1358 2495 1484 2536 altero
1507 2495 1753 2535 commutari
1769 2497 1914 2549 posset:

312 2558 434 2604 atque
464 2552 610 2592 falsum
644 2565 793 2594 nomen
826 2566 921 2594 cum
953 2565 1051 2594 vero
1066 2557 1106 2594 et
1137 2565 1309 2594 numero
1341 2557 1382 2594 et
1394 2553 1622 2606 quantitate
1651 2552 1903 2605 syllabarum

312 2615 568 2662 congrueret,
585 2624 666 2663 qua
679 2611 728 2651 de
753 2612 910 2652 ratione
925 2612 1143 2665 praecipue
1165 2612 1206 2651 in
1225 2610 1489 2664 designandis
1510 2610 1660 2664 puellis
1685 2611 1773 2652 suis
1788 2609 1912 2651 adhi-

312 2666 431 2707 bitaa
451 2669 578 2720 poetis
600 2667 795 2708 Romanis
818 2670 979 2722 primus
995 2668 1243 2721 Bentleius⁴)
1266 2668 1470 2710 disseruit.
1515 2667 1629 2716 Quae
1656 2667 1811 2710 femina
1825 2666 1914 2709 sub

314 2724 481 2765 Lesbiae
517 2737 682 2766 nomine
698 2726 818 2767 lateat
847 2726 1087 2780 Apuleius⁵)
1119 2726 1236 2767 docet
1266 2739 1341 2767 nos
1371 2739 1466 2767 cum
1499 2726 1612 2767 dicit:
1667 2726 1771 2779 „Hic
1799 2719 1903 2766 illud

313 2783 553 2836 reprehendi
570 2784 904 2838 animadvertisti,
936 2784 1045 2838 quod
1063 2797 1156 2825 cum
1190 2784 1280 2825 aliis
1298 2784 1536 2825 nominibus
1558 2785 1677 2839 pueri
1693 2787 1915 2836 vocentur,

455 2885 547 2928 ¹.)ct'
579 2885 618 2920 O.
648 2885 794 2921 Jahnius
824 2887 860 2921 in
890 2886 979 2922 actis
1009 2897 1078 2923 soc.
1103 2886 1208 2922 litter.
1234 2886 1479 2931 SaxonicaeL
1510 2891 1608 2930 1850,
1639 2897 1707 2932 pag
1707 2889 1810 2924 420
1831 2895 1907 2932 sqq

313 2933 416 2976 atque
440 2930 634 2974 Pnldamus,
666 2931 849 2968 Romische
879 2932 1008 2974 Erofflr,
1043 2936 1141 2977 1833,
1174 2944 1205 2978 p.
1234 2938 1288 2970 53.
1337 2933 1367 2978 ²)
1394 2914 1536 2978 Epis’tul.
1567 2914 1613 2970 11'.
1646 2943 1690 2979 10,
1724 2942 1802 2978 pag.
1819 2933 1904 2969 100.

313 2977 369 3013 ed.
405 2976 508 3013 Sirm.
557 2979 590 3022 ³)
627 2989 691 3014 non
729 2979 883 3023 satyrici,
922 2980 965 3015 ct'.
999 2959 1211 3025 Madvigius,
1248 2990 1362 3025 opusc.
1399 2981 1427 3016 Ι.
1454 2992 1486 3025 p.
1511 2985 1567 3018 67.
1627 2980 1725 3026 ⁴)A
1693 2979 1749 3016 Ad
1784 2977 1913 3014 Horat.
1927 2977 1942 2992 ⁹

313 3024 377 3059 Od.
403 3024 448 3060 11
478 3027 534 3068 ι2;
562 3029 614 3060 13.
662 3025 692 3065 ⁶)
720 3025 815 3069 Apol.
845 3029 896 3061 10.
