1976 3294
693 151 987 192 -35-

19 300 254 351 utrumque
285 308 438 337 sexum
480 294 825 350 persequebatur,
872 293 1128 335 intellexerit
1160 291 1364 345 Catullus,
1408 295 1553 347 utpote
1585 295 1660 348 qui

21 369 107 397 non
143 355 340 397 Lesbiam
376 359 543 396 tantum
589 354 661 396 sed
704 359 745 395 et
790 353 1030 407 complures
1078 353 1285 407 deperiret
1331 351 1659 395 adulescentes.“

20 414 119 456 Non
161 416 305 456 minus
350 414 454 456 falso
500 414 605 455 mihi
636 413 836 454 videntur
868 412 1079 467 explicare
1109 410 1381 465 Bentleius,1)
1429 413 1503 466 qui
1551 412 1664 454 dicat

22 475 118 515 hoc:
166 473 351 528 „Referri
382 474 505 515 debet
541 474 592 514 ad
631 473 843 527 duplicem
887 484 1053 523 sexum,
1095 472 1195 525 quia
1228 470 1375 512 Venus
1408 472 1662 513 Amathusia

16 538 64 575 >et
93 547 185 575 mas
217 540 258 574 et
287 533 479 586 femina“,
511 538 552 573 et
583 532 849 586 Doeringius,
882 532 951 572 cui
983 530 1174 572 Catullus
1205 535 1279 571 aut
1311 543 1447 571 unum
1478 543 1661 584 puerum

24 598 64 634 et
114 606 245 634 unam
297 593 480 647 puellam
533 596 607 633 aut
659 592 764 633 duas
813 590 976 645 puellas
1033 590 1161 631 simul
1213 602 1376 631 amasse
1428 591 1660 633 videatur.“

24 652 300 694 Parthenium
341 653 474 694 secuti
510 651 700 704 Heysius
743 655 784 692 et
823 650 1108 692 Baehrensius
1141 649 1345 703 „duplex“
1378 649 1491 690 idem
1530 651 1663 704 signi-

27 711 166 764 ficare,
214 712 326 766 quod
374 711 538 765 „fallax,
597 710 791 752 dolosus“
845 713 1113 764 putaverunt,
1165 711 1266 763 quia
1317 708 1468 750 Venus
1518 709 1662 752 dolose

25 776 282 826 versuteque
313 772 357 811 in
397 771 610 812 Catullum
649 783 694 811 se
730 770 919 824 gesserit.
982 767 1214 809 Conserunt
1244 771 1431 819 διπλοῦς
1462 771 1572 825 α’νήρ
1607 783 1663 811 ex

25 830 172 884 lingua
204 832 362 871 Graeca
409 829 571 884 (Eurip.
603 829 727 872 Rhes.
776 827 901 882 395);
947 828 1158 882 duplicem
1206 828 1444 881 significare
1491 830 1661 883 proprie

23 902 135 943 eum,
168 891 241 944 qui
273 890 392 930 aliter
423 890 585 942 sentiat,
617 889 736 930 aliter
766 889 977 942 loquatur,
1008 900 1132 942 porro
1165 900 1311 928 omnes
1328 887 1521 929 homines
1553 888 1660 930 dolis

24 953 200 991 utentes.
262 949 360 990 Huc
403 949 576 989 trahunt
621 948 682 989 illi
725 947 828 989 Hor.
861 960 893 989 c.
925 946 957 988 I.
993 948 1059 988 6.7
1109 946 1312 1001 „duplicis
1359 946 1538 1001 Ulixei“,
1585 948 1659 989 ubi

24 1009 182 1063 duplex
220 1008 427 1059 significet
464 1008 698 1061 „callidus“.
760 1007 971 1061 Equidem
1009 1007 1075 1047 his
1118 1007 1311 1047 assentiri
1350 1019 1436 1047 non
1473 1019 1659 1061 possum.

20 1067 174 1109 Nescio
207 1068 309 1122 quid
341 1068 409 1108 hic
440 1068 519 1108 sibi
550 1067 650 1108 velit
681 1067 868 1121 „fallax“.
908 1065 1062 1106 Utrum
1093 1066 1419 1119 interpretemur
1449 1066 1501 1106 ad
1536 1066 1659 1122 Verg.

19 1128 128 1169 Aen.
160 1127 191 1169 I.
225 1128 330 1168 688:
366 1140 508 1179 „amor
539 1127 752 1168 occultum
783 1126 964 1180 inspires
993 1126 1135 1179 ignem
1152 1124 1357 1179 fallasque
1374 1126 1575 1178 veneno“,
1605 1140 1659 1167 an

18 1191 221 1241 putemus
237 1187 448 1227 Venerem
465 1186 656 1227 fallacem
671 1186 848 1227 eandem
865 1197 967 1238 esse,
986 1197 1094 1238 quae
1116 1185 1353 1242 Ἀφροδίτη
1377 1188 1657 1239 δολοπλόκος,

23 1249 203 1301 Κύπρις
238 1249 485 1303 δολόμητις,
517 1260 570 1286 an
603 1246 755 1299 „fallax
776 1244 949 1285 Venus“
982 1257 1080 1285 eum
1113 1244 1551 1299 significatamorem,
1584 1248 1659 1301 qui

22 1306 233 1347 infelicem
264 1306 420 1360 reddat,
439 1304 542 1347 'sive
575 1306 687 1360 quod
720 1317 838 1345 amor
866 1317 949 1345 non
985 1304 1038 1344 sit
1066 1308 1244 1345 mutuus
1262 1305 1351 1345 sive
1376 1306 1486 1359 quod
1522 1313 1660 1347 amata

20 1365 149 1406 fidem
197 1366 351 1406 violet?
415 1391 470 1395 -—
538 1364 654 1405 Nihil
716 1364 882 1405 eorum!
947 1362 1118 1404 Primus
1179 1364 1371 1404 virorum
1439 1366 1659 1407 doctorum

23 1425 138 1466 hunc
220 1426 361 1466 locum
445 1428 557 1466 recte
638 1423 848 1464 intellexit
932 1422 1148 1463 Palladius
1222 1423 1354 1478 (quod
1432 1425 1659 1479 explicavit

23 1486 73 1527 A.
135 1483 351 1538 Weisius),
420 1485 495 1538 qui
566 1483 776 1537 duplicem
828 1485 947 1537 putet
1006 1481 1231 1536 Venerem,
1300 1484 1400 1537 quia
1462 1485 1659 1526 dulcibus

20 1545 196 1585 misceat
269 1556 421 1584 amara.
514 1545 647 1584 Amor
723 1543 960 1595 Venusque
1047 1541 1171 1582 modo
1253 1541 1384 1583 laetos
1474 1545 1660 1586 reddunt

23 1603 146 1644 modo
178 1604 317 1644 tristes
348 1604 551 1644 homines.
614 1602 821 1643 Attendas
865 1601 916 1641 ad
964 1613 1012 1641 ea
1050 1614 1158 1655 quae
1191 1600 1394 1643 Goethius
1433 1610 1576 1645 noster
1609 1606 1654 1645 in

16 1663 234 1716 tragoedia
266 1675 374 1716 quae
404 1662 650 1703 inscribitur
682 1660 911 1715 „Egmonffl
942 1660 1127 1714 puellam
1151 1666 1362 1702 amantem
1387 1668 1660 1718 amatamque

21 1722 266 1776 loquentem
281 1722 422 1762 faciat:
457 1721 705 1774 „Freudvcll
725 1721 811 1762 und
828 1719 1010 1773 leidvoll,
1039 1720 1348 1774 gedankenvoll
1365 1724 1469 1775 sein,
1501 1723 1658 1778 langen

23 1782 111 1822 und
150 1781 315 1835 bangen
353 1782 397 1822 in
442 1780 742 1822 schwebender
779 1779 899 1832 Pein,
938 1779 1221 1820 himmelhoch
1258 1781 1511 1834 jauchzend,
1556 1796 1656 1824 zum

16 1841 133 1882 Tode
165 1840 344 1894 betriibt,
374 1840 587 1894 gliicklich
619 1840 744 1880 allein
760 1840 815 1880 ist
846 1839 913 1879 die
930 1838 1059 1891 Seele,
1091 1839 1158 1880 die
1174 1839 1310 1882 liebt.“
1358 1840 1423 1882 Ita
1445 1842 1658 1896 duplicem

19 1901 90 1941 hic
119 1900 361 1954 intellegere
395 1895 447 1940 'eo
486 1901 620 1953 magis
650 1899 812 1950 iubeor,
857 1898 971 1953 quod
1014 1911 1113 1939 cum
1153 1903 1299 1952 poetae
1329 1899 1523 1953 Romani,
1564 1906 1658 1943 tum

17 1959 213 2001 Catullus
243 1961 332 2014 ipse
350 1959 525 2000 eandem
558 1959 808 2000 sententiam
826 1957 966 1999 verbis
983 1958 1240 2009 extulerunt,
1272 1971 1304 2001 c.
1322 1957 1546 2013 LXVHIa,
1583 1963 1655 2003 18:

22 2019 123 2072 „dea
161 2045 230 2072 —,
274 2031 382 2073 quae
426 2019 592 2059 dulcem
634 2019 748 2058 curis
789 2018 938 2058 miscet
977 2017 1255 2069 amaritiem;“
1303 2031 1335 2059 c.
1374 2019 1532 2073 LXIV,
1577 2022 1656 2062 95:

22 2082 190 2132 „sancte
221 2091 338 2132 puer,
371 2079 485 2119 curis
517 2079 740 2118 hominum
773 2077 847 2130 qui
878 2077 1033 2129 gaudia
1050 2078 1202 2117 misces
1214 2077 1248 2127 ;“
1281 2076 1418 2120 Plaut.
1453 2079 1550 2121 Cist.
1568 2080 1600 2121 I.
1622 2083 1657 2123 1.

21 2151 59 2179 v.
90 2139 168 2179 71:
201 2144 388 2191 „ecastor
418 2150 536 2178 amor
567 2141 608 2178 et
639 2137 764 2178 melle
796 2142 836 2177 et
858 2135 955 2176 felle
973 2140 1035 2177 est
1065 2136 1426 2179 foecundissimus
1457 2140 1662 2193 gustudat

22 2197 156 2251 dulce,
188 2210 379 2238 amarum
408 2198 459 2238 ad
492 2198 724 2238 satietatem
756 2207 893 2249 usque
926 2195 1128 2249 oggerit“;
1164 2195 1299 2238 Plaut.
1318 2196 1471 2239 Pseud.
1488 2198 1519 2240 Ι.
1543 2200 1661 2242 1.61:

23 2269 144 2308 „nam
175 2257 280 2296 mihi
313 2256 468 2309 videor,
500 2269 598 2297 cum
631 2269 679 2296 ea
709 2255 938 2296 fabularier
968 2254 1072 2309 lege,
1104 2254 1227 2295 dulce
1259 2269 1540 2312 amarumque
1575 2272 1659 2300 una

20 2327 138 2356 -nunc
154 2316 336 2356 miscens
352 2316 453 2356 mihi
465 2317 499 2367 ;“
530 2315 686 2356 Tibulli
716 2315 771 2356 ΙΙ.
802 2314 918 2355 1.79:
951 2315 1028 2367 „ah
1059 2315 1215 2367 miseri,
1249 2328 1356 2369 quos
1388 2317 1456 2358 hic
1472 2319 1658 2371 graviter

19 2375 129 2415 ‹deus
167 2373 306 2428 urget!
370 2381 412 2415 at
456 2375 526 2415 ille
573 2375 688 2425 felix,
750 2375 820 2414 cui
866 2373 1056 2427 placidus
1115 2373 1265 2414 leniter
1311 2375 1438 2417 adflat
1479 2379 1657 2429 Amor;“

23 2433 125 2474 Hor.
143 2446 176 2475 c.
192 2433 266 2475 IV.
294 2435 377 2474 l.4t
410 2433 622 2487 „dulcium
656 2437 787 2474 mater
819 2445 943 2473 saeva
963 2433 1254 2487 cupidinum;“
1289 2434 1432 2476 Claud.
1465 2436 1516 2478 de
1540 2443 1657 2491 nupt.

23 2493 134 2534 Hon.
166 2496 207 2533 et
222 2491 325 2534 Mar.
344 2493 418 2534 70:
452 2493 677 2546 „labuntur
708 2492 867 2546 gemini
897 2492 1045 2544 fontes,
1076 2492 1145 2532 hic
1176 2492 1322 2542 dulcis,
1353 2508 1523 2537 amarus
1554 2496 1660 2537 alter

19 2557 66 2592 -et
101 2551 254 2593 infusis
300 2556 578 2607 corrumpunt
624 2551 750 2592 mella
798 2552 983 2605 venenis,
1028 2552 1142 2592 unde
1189 2554 1433 2608 cupidineus
1479 2557 1660 2597 armavit

23 2611 133 2652 fama
180 2611 385 2665 sagittas.“
434 2612 482 2653 cf.
532 2623 680 2665 graece
740 2611 1046 2667 γλυκύπικρος,
1101 2611 1213 2665 quod
1271 2613 1425 2668 legitur
1468 2613 1657 2670 Sapphos

22 2670 76 2724 fg.
124 2671 201 2711 40:
246 2668 345 2727 ἔρος
373 2674 671 2727 γλυκύπικρον
703 2668 897 2728 ὅρπετον.
937 2671 1104 2724 (alludit
1135 2669 1217 2712 Cio.
1250 2673 1301 2714 ad
1325 2674 1411 2714 Att.
1445 2675 1484 2714 5.
1517 2675 1585 2716 21.
1611 2678 1658 2728 4)

22 2731 100 2784 Ap.
146 2728 249 2770 Rod.
297 2731 335 2772 3.
383 2731 486 2773 290:
537 2733 726 2789 γλυκερῇ
768 2733 817 2774 δὲ
861 2734 1087 2784 κατειᾙετο
1123 2729 1306 2785 (Medea)
1349 2734 1498 2787 θυμὸν
1539 2737 1653 2791 α’νίῃ.

17 2789 204 2842 ’Theogu
240 2789 364 2831 1353.
396 2791 548 2833 Anacr.
581 2793 650 2845 45,
683 2794 727 2831 5:
762 2793 917 2842 ἀκίδας
933 2793 1147 2847 δ’ἔβαπτε
1162 2795 1502 2848 Κύπριςμέλιτὸ
1519 2794 1656 2849 γλυκύ

25 2851 225 2902 λαβοῦσα
256 2850 278 2892 ὁ
309 2848 665 2907 δ’”Ερωςχόλην
683 2851 872 2907 ἔμισγεν.

166 2919 203 2948 v.
237 2906 312 2951 52.
375 2909 424 2950 In
458 2910 536 2951 hoc
567 2923 694 2952 versu
726 2911 766 2950 V
798 2910 970 2965 praebet
1001 2912 1263 2963 „col·ruerit“.
1328 2911 1535 2953 Nonnulli
1573 2914 1659 2954 edi-

18 2971 133 3008 tores
164 2979 217 3008 ex
232 2967 417 3009 Turnebi
448 2970 738 3011 emendatione
755 2971 1014 3024 scripserunt
1044 2972 1303 3025 „torruerit“,
1335 2972 1448 3026 quod
1481 2974 1659 3014 mutatio

167 3096 192 3141 ¹)
220 3096 263 3132 cf.
290 3096 345 3132 ad.
372 3096 455 3132 Hor.
483 3110 513 3133 c.
538 3098 567 3133 Ι.
594 3102 626 3141 6,
654 3101 686 3133 7.
