1976 3294
976 167 1258 206 „36-

326 310 554 351 litterarum
592 320 614 347 c
651 311 690 348 et
726 310 742 347 t
786 305 1121 359 frequentissima
1164 305 1216 345 sit
1261 306 1302 344 et
1346 302 1600 356 „torruerit“,
1643 302 1670 343 i.
1702 314 1734 344 e.
1781 314 1931 344 amore

327 367 564 417 incenderit,
608 366 650 405 in
698 371 939 418 sequentem
986 363 1301 416 descriptionem
1348 366 1388 401 et
1431 361 1475 401 in
1520 361 1732 414 sequentis
1773 372 1924 402 versus

327 426 557 477 „arderem“
596 422 798 476 quadrare
834 421 1032 462 videatur.
1094 419 1175 469 Qui
1212 419 1366 460 similes
1407 418 1520 459 locos
1555 418 1783 460 attulerunt
1818 430 1931 459 non--

327 483 477 523 nullos:
511 494 543 522 c.
576 480 618 531 C,
653 482 694 530 ’ῖς
733 479 850 520 Ovid.
887 491 986 520 rem.
1019 491 1096 519 am.
1129 479 1234 526 4913
1271 477 1372 519 Hor.
1411 477 1474 519 od.
1511 477 1542 518 Ι.
1574 477 1679 527 33.6;
1716 476 1791 519 III.
1822 477 1930 527 9³33

326 540 398 582 111.
435 541 555 585 19.2s;
587 538 660 579 IV.
681 540 771 587 1.1‹.›;
804 536 904 579 Hor.
936 537 1050 590 epod.
1082 538 1158 588 5.4;
1192 539 1232 576 et
1262 534 1528 576 contulerunt
1551 534 1718 575 Theocr.
1740 534 1793 575 Π.
1818 535 1920 576 134:

326 599 435 653 ἔρως
463 598 598 646 αἴθει,
624 601 663 636 et
694 595 785 636 VII.
818 597 891 635 55:
924 595 1035 650 ἔρως
1069 595 1282 636 καταίθει.
1325 595 1521 634 Attamen
1558 592 1805 646 „corrue1'it“
1836 604 1921 633 non

326 662 387 697 est
418 655 527 709 quod
560 659 781 695 mutemus.
842 652 1029 693 Primum
1063 652 1231 706 quidem
1262 652 1475 692 invenitur
1509 652 1551 691 in
1585 650 1780 692 omnibus
1810 650 1922 691 codi-

326 714 455 765 cibus,
486 719 574 753 tum
606 725 658 752 ne
689 711 942 752 offendamus
972 712 1014 751 in
1032 711 1247 750 transitivo
1278 710 1404 750 huius
1418 708 1609 749 vocabuli
1626 721 1718 749 usu.
1749 708 1926 762 Saepius

327 774 438 813 enim
475 772 531 811 ita
566 770 794 810 invenitur:
837 768 970 809 Plaut.
1018 767 1124 810 Rud.
1162 767 1215 809 II.
1254 769 1349 818 6.5s;
1395 766 1516 809 Lucr.
1555 766 1604 808 V.
1638 768 1741 817 368;
1788 766 1932 807 Varro>

327 830 351 870 l.
382 830 407 870 l.
438 831 534 879 4:113
579 828 700 881 Apul.
740 826 835 868 Met.
869 829 894 867 8
924 840 961 880 p.
1001 828 1084 867 530
1121 824 1344 880 (Oudend).
1407 824 1655 878 „Corruere“
1687 830 1749 865 est
1787 825 1919 866 active

327 889 505 941 positum
537 899 610 940 pro
640 889 907 939 prosternere,
938 885 1107 925 deicere.
1141 907 1193 913 —

466 956 507 988 v.
539 943 612 987 57.
658 943 846 983 Primum
878 943 943 983 hic
974 942 1264 996 explicandum
1295 944 1358 982 est
1388 941 1487 994 quid
1519 941 1581 981 sid
1611 942 1780 982 tertium
1810 952 1920 981 com-

326 1003 560 1056 parationis,
591 1005 733 1041 utrum
763 1001 954 1041 lacrimae
971 999 1117 1041 Catulli
1151 1003 1442 1054 comparentur
1471 1012 1565 1040 cum
1598 1000 1688 1040 rivo
1718 1012 1771 1039 an
1803 999 1933 1039 auxi-

327 1062 429 1100 lium
459 1060 570 1101 Allii.
618 1058 851 1112 Utrumque
882 1059 1098 1099 defensum
1129 1065 1190 1099 est
1220 1059 1360 1098 aviris
1391 1058 1532 1110 doctis,
1561 1058 1678 1111 prius
1708 1056 1923 1108 aMureto,

324 1118 600 1167 Lachmanno,
630 1117 824 1170 HauptiO,
855 1117 1025 1169 Heysio,
1071 1116 1286 1157 Schwabio
1318 1116 1420 1159 aliis.
1455 1115 1634 1156 'alterum
1665 1129 1689 1156 a
1717 1114 1934 1166 Ramlero„

324 1176 559 1227 Doeringio,
589 1174 853 1226 Rossbachio,
888 1174 1044 1227 Ellisio,
1076 1174 1330 1228 Westphalio
1367 1174 1468 1214 aliis.
1530 1176 1670 1227 Atque
1706 1179 1753 1213 ut
1782 1174 1921 1214 rivum

324 1235 486 1274 trahant
516 1235 558 1273 in
596 1233 798 1273 auxilium
832 1233 932 1273 Allii
975 1234 1179 1286 imprimis
1224 1237 1540 1273 commoventur
1584 1231 1776 1272 nonnulli
1823 1232 1923 1284 quia

330 1292 511 1345 „qualis“
566 1304 601 1332 v,
649 1293 703 1331 57
747 1291 995 1344 respondere
1040 1292 1230 1332 videatur
1271 1290 1388 1343 „tali“
1434 1303 1472 1331 v,
1505 1291 1572 1342 66,
1613 1295 1653 1330 et
1682 1289 1933 1343 „levamen“>

325 1363 363 1391 v.
395 1351 446 1390 61
482 1349 682 1400 „auxilio“
715 1362 750 1390 v,
783 1350 852 1391 66.
885 1374 938 1379 —

439 1408 685 1447 Accuratius
715 1407 792 1447 hoc
822 1409 1011 1447 tractavit
1041 1407 1092 1447 A.
1122 1405 1355 1459 Weisius,1)
1407 1405 1478 1447 sed
1523 1405 1751 1447 infeliciter.
1797 1404 1937 1446 Recte-

325 1470 459 1506 autem
493 1466 700 1505 adnotavit
730 1466 822 1505 hoc:
857 1464 1040 1518 „Nimmt
1069 1478 1165 1505 man
1198 1478 1262 1518 an,
1295 1466 1389 1505 dass
1420 1465 1486 1504 die
1500 1463 1690 1504 Thranen
1721 1464 1798 1504 mit
1827 1463 1920 1504 dem

324 1523 435 1563 Bach
466 1523 702 1573 verglichen
742 1523 920 1575 werden,
966 1536 1010 1564 so
1049 1536 1167 1564 muss
1210 1536 1306 1563 man
1349 1523 1415 1563 die
1451 1525 1617 1564 weitere
1646 1522 1931 1575 Schilderuug⁴

324 1582 395 1621 des
426 1581 584 1621 Baches
613 1581 682 1621 fiir
712 1582 803 1621 eine
834 1580 1075 1634 Digression
1113 1581 1330 1622 ansehen.“
1392 1580 1637 1631 Certissima
1660 1580 1847 1621 Catullus
1876 1581 1933 1620 in-

324 1640 398 1679 hac
449 1640 802 1692 comparationum
853 1639 1235 1693 persequendarum
1288 1642 1375 1679 arte
1426 1644 1567 1693 poetas
1613 1638 1936 1679 Alexandrinos

324 1702 491 1737 secutus
522 1698 572 1737 ab
608 1699 697 1750 ipso
734 1699 1050 1751 comparationis
1086 1701 1297 1739 momento
1333 1698 1391 1737 ita
1427 1698 1668 1751 digreditur,
1704 1702 1753 1737 ut
1782 1696 1923 1737 dilatet

322 1756 544 1807 imaginem
576 1761 615 1795 et
645 1768 717 1808 per
732 1755 896 1807 singula
925 1763 1210 1809 persequatur.
1254 1756 1373 1809 „Ipsa
1388 1760 1527 1796 autem
1544 1755 1794 1809 comparatio
1824 1767 1921 1796 cum

322 1815 364 1853 in
398 1826 444 1853 eo
475 1814 605 1866 posita
635 1814 698 1863 sit,
729 1818 776 1854 ut
806 1814 913 1854 dicat
943 1813 1130 1854 Catullus
1160 1818 1315 1855 tantam
1353 1813 1618 1854 lacrimarum
1656 1825 1746 1854 sese
1781 1813 1937 1867 profu--

324 1872 431 1911 disse
462 1872 618 1924 copiam
652 1877 806 1924 quanta
847 1872 1034 1913 ubertate
1064 1874 1181 1913 rivus
1223 1871 1419 1926 prosiliat,
1462 1871 1572 1925 quod
1619 1871 1768 1912 deinde
1804 1872 1936 1912 rivus-

323 1942 395 1982 per
425 1929 572 1969 vallem
604 1942 647 1969 se
679 1929 901 1970 devolvens
932 1934 972 1970 et
1001 1943 1074 1984 per
1103 1930 1315 1984 planitiem
1352 1929 1464 1970 lento
1501 1942 1628 1970 cursu
1664 1928 1801 1970 fluens
1831 1929 1937 1970 des-

324 1986 496 2027 cribitur
539 1987 638 2027 nihil
672 1987 837 2040 quidem
877 1987 926 2028 ad
970 1988 1162 2029 lacrimas
1203 1989 1381 2042 pertinet
1424 2000 1561 2041 neque
1604 1987 1835 2041 quidquam
1870 1987 1922 2028 ad

323 2045 608 2085 declarandam
643 2045 959 2086 similitudinem
1005 2046 1121 2087 affert
1157 2047 1371 2096 momenti,
1414 2047 1485 2087 sed
1518 2047 1636 2087 suavi
1669 2045 1924 2099 digressione

323 2109 362 2143 et
406 2104 600 2156 propositi
648 2105 765 2156 quasi
812 2103 1017 2145 oblivione
1061 2105 1234 2146 lectores
1278 2104 1416 2145 fallit.“
1465 2128 1519 2133 —
1565 2103 1716 2145 Poetae
1760 2104 1932 2157 antiqui

323 2162 480 2214 copiam
513 2161 773 2202 lacrimarum
813 2174 866 2202 ex
897 2163 1028 2203 oculis
1063 2163 1275 2216 profusam
1321 2174 1417 2202 cum
1453 2162 1566 2203 fonte
1596 2174 1650 2202 ex
1686 2162 1800 2202 saxis
1829 2173 1922 2215 pro-

324 2224 540 2271 rumpente
577 2232 814 2273 comparare
856 2220 1058 2261 amabant.
1119 2220 1168 2261 cf.
1204 2220 1326 2261 Hom.
1365 2219 1413 2261 ΙΙ.
1449 2219 1525 2261 IX.
1562 2220 1632 2261 13:
1661 2222 1922 2274 δακρυχέων

324 2280 433 2319 ὥστε
484 2281 617 2334 κρήνη
661 2280 943 2332 μελάνυδρος,
987 2281 1062 2334 ἥτε
1106 2283 1198 2322 κατ’
1246 2281 1463 2334 αἰγίλιπος
1507 2281 1664 2334 πέτρης
1705 2279 1936 2334 δνοφερὸν·

323 2339 417 2389 χέει
450 2334 578 2389 ὔδωρ.
607 2336 655 2378 Il.
671 2336 788 2377 XVI.
807 2338 845 2379 3.
877 2337 939 2390 (Il.
962 2335 1038 2379 XI.
1057 2339 1172 2391 592.)
1202 2338 1369 2379 Theocr.
1388 2336 1479 2378 VII.
1499 2339 1570 2378 76:
1604 2339 1817 2393 ἑθρῆνευν
1845 2370 1855 2380 .
1877 2369 1888 2380 .
1911 2369 1922 2380 .

325 2393 419 2436 εὖτε
471 2397 580 2448 χιών
626 2395 687 2445 αἳς
732 2413 798 2445 τις
846 2398 1104 2439 κατετιίκετο
1143 2399 1311 2451 μα’κρον
1363 2397 1439 2452 ὕφ’
1490 2392 1639 2449 Αἶμον
1690 2409 1778 2450 sqq.
1827 2394 1920 2438 Sen.

323 2453 493 2494 Phaedr.
526 2454 549 2493 l.
581 2467 638 2494 a.:
674 2453 890 2504 „lacrimae
921 2455 1074 2495 cadunt
1102 2467 1176 2509 per
1206 2467 1277 2496 ora
1308 2459 1348 2496 et
1377 2453 1544 2495 assiduo
1562 2466 1694 2508 genae
1711 2466 1805 2495 rore
1820 2454 1934 2494 inri-⁴

324 2516 474 2562 gantur
493 2511 668 2563 qualiter
680 2511 804 2552 Tauri
824 2513 933 2566 iugis
952 2513 1088 2566 tepido
1107 2513 1352 2554 madescunt
1373 2512 1506 2554 imbre
1527 2524 1747 2566 percussae
1768 2513 1920 2553 nives.“

326 2568 378 2597 —'—
398 2568 664 2619 „Perlucens“
696 2571 836 2610 minus
866 2571 1031 2611 videtur
1060 2572 1161 2612 mihi
1178 2571 1411 2624 significare
1440 2583 1596 2625 purum
1617 2570 1938 2624 limpidumque-

326 2638 449 2679 quam
482 2626 602 2678 longe
641 2627 870 2680 splendens,
909 2641 1006 2669 cum
1046 2630 1163 2670 rivus
1199 2642 1222 2670 e
1257 2630 1411 2670 montis
1450 2629 1666 2670 cacumine
1702 2628 1937 2683 prosiliens-

323 2685 562 2737 praeseitim
593 2696 688 2724 cum
730 2685 826 2726 solis
862 2687 989 2727 radiis
1019 2688 1203 2741 tangitur
1244 2687 1380 2728 luceat
1417 2687 1628 2740 niteatque
1659 2698 1827 2728 necesse
1857 2686 1921 2729 sit.

464 2752 505 2785 v.
536 2740 614 2785 59.
674 2741 721 2781 In
754 2743 869 2784 libris
899 2745 1096 2785 traditum
1127 2750 1205 2786 est:
1238 2749 1323 2797 „est
1352 2744 1507 2787 valde.“
1548 2743 1668 2793 Quod
1699 2756 1797 2786 oum
1828 2755 1922 2785 sen-

325 2811 418 2839 sum
452 2811 532 2839 non
566 2798 721 2851 habeat,
760 2813 902 2843 omnes
931 2802 1019 2843 fere
1048 2803 1127 2843 viri
1165 2803 1274 2844 docti
1290 2803 1636 2845 emendaverunt:
1671 2807 1758 2856 „est
1778 2801 1933 2843 valle.“·

324 2856 508 2898 Santenii
558 2858 805 2910 opinionem,
856 2860 922 2900 cui
975 2860 1242 2901 scribendum
1278 2861 1468 2902 videatur
1518 2861 1593 2914 „de
1635 2873 1765 2915 prono
1794 2859 1928 2901 colle“-

325 2915 471 2955 merito
502 2915 733 2955 reiecerunt
762 2915 1040 2971 Huschkius2)
1071 2924 1112 2960 et
1142 2918 1195 2960 M.
1226 2918 1485 2973 Hauptius.³)
1544 2918 1651 2960 Nam
1689 2920 1817 2972 rivus,
1849 2917 1938 2972 qui.

467 2995 494 3038 ¹)
519 2993 587 3029 Zur
611 2993 724 3029 Kritik
749 2995 810 3030 des
834 2995 956 3040 Catuli,
982 2996 1187 3042 Naumburg
1213 3002 1314 3034 1863.
1363 2996 1389 3042 ²)
1414 2998 1512 3042 epist.
1539 2998 1616 3034 crit.
1641 2997 1685 3033 ad
1709 2995 1932 3033 Inunstnnt..

325 3050 399 3085 pag.
426 3043 480 3077 95.
531 3040 560 3083 8)
585 3039 722 3083 Quaest.
750 3041 870 3077 Catull.
896 3052 971 3087 pag.
997 3047 1052 3079 87.
