1976 3294
289 303 416 344 quam
451 291 614 330 nomine
647 289 813 343 quidem
845 289 896 329 ad
927 288 1087 330 Allium
1109 288 1251 328 datum
1283 291 1356 339 est,
1387 300 1431 328 re
1462 299 1559 328 vera
1578 292 1715 328 tamen
1757 291 1889 328 totum

290 350 331 389 in
381 348 546 388 Lesbiae
592 347 784 388 laudibus
830 346 1084 388 celebrandis
1131 350 1328 387 versatur.
1391 345 1491 386 Allii
1537 345 1647 386 enim
1710 346 1891 386 amicitia

290 410 497 460 perspecta
543 409 582 446 et
627 404 806 446 officiosa
859 405 1103 455 humanitas,
1156 417 1238 458 qua
1287 403 1355 445 ille
1391 402 1627 444 amantibus
1672 404 1889 454 succurrit,

292 466 526 517 iterumque
557 476 697 517 preces
728 476 801 517 pro
839 463 1023 514 eiusdem
1058 462 1154 503 Allii
1193 462 1466 515 coniugisque
1497 461 1629 502 salute
1664 462 1891 515 gratiarum

292 521 380 562 loco
411 527 623 575 susceptae
653 522 775 562 liniae
806 521 924 574 quasi
956 525 1066 573 sunt,
1097 519 1250 574 quibus
1280 520 1509 560 includitur
1539 518 1710 561 Lesbiae
1740 520 1892 561 amoris

297 580 432 633 imago
463 579 668 620 coloribus
705 579 854 620 vividis
891 579 1058 632 depicta.
1121 577 1305 619 Dubium
1345 590 1435 619 esse
1474 590 1556 618 non
1589 578 1753 619 videtur
1790 579 1892 632 quin

291 636 479 678 Catullus
509 637 681 678 Romam
714 650 759 678 se
789 637 1019 678 rediturum
1057 649 1146 678 esse
1183 649 1279 677 cum
1311 636 1421 677 Allio
1458 640 1546 677 tum
1579 635 1749 677 Lesbiae
1786 649 1894 677 nun-

292 696 465 737 tiaverit.
500 721 551 724 ——
584 695 663 737 Sed
695 708 841 736 versus
873 708 905 737 c.
937 694 1131 748 LXVIII,
1167 695 1247 735 135
1279 707 1374 748 sqq:

502 786 614 820 „quae
637 777 752 810 tamen
777 776 841 810 etsi
867 786 933 810 uno
958 786 1023 810 non
1048 777 1101 810 est
1125 776 1284 810 contenta
1307 775 1440 810 Catullo

504 832 583 857 rara
607 823 823 857 verecundae
847 822 939 857 furta
963 822 1115 856 feremus
1139 823 1243 857 erae“
1269 841 1312 846 —

294 892 395 946 quid
433 892 510 933 sibi
547 893 691 934 volunt
727 898 767 934 et
804 894 1010 947 quomodo
1050 895 1352 947 coniungamus
1391 905 1461 934 eos
1504 906 1600 934 cum
1639 892 1895 934 carminibus

296 963 475 991 amorem
507 952 715 992 sincerum
747 951 1026 1005 spirantibus?
1069 951 1167 993 Sine
1181 951 1306 992 dubio
1336 953 1406 1002 ita,
1439 955 1485 992 ut
1502 951 1691 992 Veronae
1706 963 1895 992 rumores

272 1009 347 1057 ,de
376 1007 545 1050 Lesbiae
575 1009 746 1063 perfidia
776 1010 985 1051 Catullum
1031 1010 1240 1052 audivisse
1283 1014 1526 1061 statuamus,
1572 1005 1618 1050 et'
1657 1010 1894 1050 coniectura

297 1066 463 1120 quidem
495 1069 661 1121 assequi
692 1081 912 1122 possumus
944 1069 1055 1109 unde
1088 1070 1272 1110 notitiam
1305 1069 1425 1109 istam
1463 1068 1665 1122 acceperit
1695 1067 1894 1109 Catullus.

298 1124 488 1166 Carmine
505 1124 705 1166 LXVIIF‘
724 1127 848 1178 enim,
880 1140 962 1180 quo
980 1126 1134 1168 Manlio
1165 1128 1297 1167 amico
1317 1127 1548 1180 respondet,
1579 1127 1679 1167 haec
1694 1125 1894 1180 legimus:
1942 1150 1947 1156 -

296 1208 375 1234 „—
409 1195 547 1236 quare,
594 1184 704 1237 quod
746 1184 895 1226 scribis
926 1185 1115 1226 Veronae
1160 1190 1280 1239 turpe
1317 1184 1477 1226 Catullo
1524 1197 1625 1236 esse,
1661 1184 1783 1238 ‘quod
1830 1185 1896 1224 hic

298 1242 488 1294 quisquis
534 1242 583 1282 de
614 1242 783 1284 meliore
808 1247 902 1283 nota
922 1243 1071 1297 frigida
1091 1243 1250 1284 deserto
1279 1243 1495 1297 tepefactet
1526 1242 1713 1283 membra
1729 1242 1895 1283 cubilis·

438 1300 571 1340 Causa
601 1304 751 1352 autem,
783 1302 834 1341 de
866 1314 949 1355 qua
979 1301 1171 1353 Manlius,
1206 1302 1272 1351 vjr
1308 1303 1460 1342 amissa
1495 1302 1671 1355 coniuge
1706 1301 1897 1342 tristitiae

299 1359 557 1411 maerorique
587 1359 774 1411 traditus,
811 1359 1020 1400 Catullum
1050 1373 1103 1401 ne
1135 1360 1291 1401 diutius
1314 1360 1504 1400 Veronae
1536 1359 1702 1413 degeret
1723 1360 1897 1411 monuit,

301 1415 464 1456 videtur
498 1416 645 1473 fuisse·
672 1417 782 1470 quod
814 1417 984 1459 Lesbiae
1029 1419 1216 1459 animum
1263 1418 1312 1458 ad
1359 1418 1460 1458 alios
1491 1429 1652 1458 amores
1696 1417 1897 1458 inclinare

299 1473 464 1515 viderat.
483 1497 536 1501 —
553 1474 694 1515 Trium
712 1477 1142 1518 carminumVeronae
1157 1477 1419 1532 scriptorum¹
1433 1489 1465 1517 c.
1482 1475 1614 1528 LXV,
1630 1487 1661 1518 c.
1678 1474 1898 1527 LXVIII⁸,

300 1543 332 1571 c.
364 1531 580 1583 valssb,
624 1533 722 1574 haec
758 1539 819 1575 est
849 1536 992 1575 series:
1025 1535 1066 1575 id
1113 1535 1222 1588 quod
1264 1535 1448 1575 medium
1480 1534 1638 1575 obtinet
1678 1538 1767 1574 tum
1798 1546 1892 1574 cum

301 1588 488 1630 Catullus
519 1591 650 1631 dolori
682 1593 922 1633 saevissimo
952 1593 1089 1634 fratris
1119 1593 1299 1647 adempti
1310 1592 1565 1646 indulgebat,
1594 1593 1776 1646 primum
1806 1597 1897 1632 tum

299 1659 397 1687 cum
429 1653 468 1688 et
498 1652 679 1702 tempore
700 1655 739 1691 et
768 1652 903 1704 poesis
927 1652 1219 1692 exercitatione
1241 1651 1358 1692 dolor
1387 1651 1456 1692 ille
1471 1650 1642 1704 paulum
1661 1654 1900 1702 evanuerat,

300 1705 493 1746 ultimum
526 1707 704 1761 denique
734 1713 823 1749 tum
855 1721 951 1750 cum
982 1709 1156 1750 Romam
1193 1714 1311 1763 poeta
1357 1714 1443 1750 erat
1487 1709 1698 1749 rediturus
1735 1720 1900 1762 compo-

301 1764 425 1804 situm
457 1768 527 1805 est.
568 1764 663 1806 Non
698 1766 870 1820 probare
899 1780 1067 1821 possum
1087 1767 1566 1819 Schwabiisententiam,
1597 1767 1670 1820 qui
1687 1766 1895 1820 Catullum

300 1825 390 1861 tum
421 1822 602 1874 demum,
633 1837 727 1865 cuin
751 1825 971 1866 consilium
1003 1827 1177 1880 cepisset
1193 1825 1362 1866 Lesbiae
1393 1826 1546 1870 amoris
1577 1825 1620 1865 in
1651 1828 1897 1878 perpetuum

303 1880 543 1932 repudiandi
562 1881 693 1922 Roma
708 1883 917 1924 Veronam
949 1883 1099 1925 abiisse
1129 1887 1280 1934 censet,
1312 1884 1385 1936 qui
1402 1883 1603 1935 Veronae,
1634 1882 1707 1923 ubi
1738 1883 1898 1924 occasio

303 1936 472 1978 Lesbiae
502 1941 814 1993 conspiciendae
837 1942 1007 1993 deesset,
1037 1941 1087 1982 ab
1119 1943 1257 1982 animo
1279 1941 1442 1982 facilius
1472 1942 1693 1995 impetrare
1708 1942 1899 1995 potuerit,

304 1999 350 2035 ut
365 1995 570 2037 obstinata
585 2004 721 2039 mente
737 1999 969 2050 obduraret,
1001 2000 1211 2054 simulque
1242 2012 1338 2041 eum
1371 2001 1587 2053 optavisse,
1618 2003 1666 2040 ut
1681 1999 1899 2040 hominum

304 2065 398 2093 cum
431 2053 726 2097 benevolorum
757 2061 847 2098 tum
878 2058 1178 2099 malevolorum
1215 2058 1266 2099 de
1302 2057 1473 2112 repudio
1499 2057 1581 2098 'illo
1619 2069 1830 2098 sermones
1861 2062 1901 2098 et

301 2110 468 2152 fabellas
514 2114 548 2153 si
586 2127 667 2156 non
711 2116 893 2168 evitaret,
935 2120 1073 2157 tamen
1113 2116 1321 2170 effugeret.
1383 2114 1474 2164 Quo
1506 2116 1557 2156 de
1587 2115 1759 2169 repudio
1802 2127 1898 2155 cum

303 2167 483 2210 Manlius
526 2172 628 2212 nihil
659 2175 936 2227 comperisset,
981 2175 1050 2215 illa
1082 2175 1132 2215 de
1162 2174 1332 2215 Lesbiae
1364 2175 1561 2228 nequitiis
1604 2173 1656 2214 ad
1687 2173 1899 2214 Catullum

307 2226 493 2269 Veronae
538 2235 765 2272 morantem
813 2233 1036 2286 scripsisse.
1111 2232 1245 2281 Quam
1287 2232 1622 2288 explanationem
1665 2232 1763 2273 satis
1809 2243 1900 2272 esse

304 2285 559 2327 artificiosam
594 2290 849 2332 concedetur.
869 2315 921 2320 —
1581 2340 1583 2342 .

441 2344 519 2385 Sed
551 2345 613 2387 his
645 2347 840 2401 neglectis
856 2360 904 2389 eo
921 2348 1032 2389 unde
1049 2353 1192 2390 exorta
1209 2353 1270 2390 est
1286 2349 1413 2390 oratio
1430 2348 1676 2390 reflectatur.
1707 2347 1900 2389 Alterum

301 2400 427 2452 igitur
454 2415 587 2456 genus
617 2406 677 2446 eis
707 2406 961 2448 carminibus
991 2407 1178 2459 efficitur,
1209 2419 1315 2460 quae
1327 2408 1436 2447 inter
1451 2410 1636 2448 amantes
1652 2405 1899 2447 discordiam

302 2464 429 2522 ortam
462 2473 550 2502 esse
581 2464 764 2516 prodant,
794 2466 910 2518 prius
941 2465 1148 2517 leviorem,
1178 2469 1318 2519 postea
1347 2466 1646 2520 gravissimam,
1679 2477 1762 2518 qua
1783 2476 1901 2505 amor

304 2528 346 2581 in
378 2517 517 2559 odium
555 2533 780 2563 conversus
816 2527 887 2564 est.
938 2523 1107 2564 Lesbiae
1138 2523 1352 2578 perfidiam
1381 2524 1566 2578 primum
1611 2523 1709 2563 satis
1755 2521 1902 2564 acerbe

305 2578 506 2638 yituperat
536 2579 662 2631 poeta}
709 2582 778 2621 sed
810 2581 935 2622 simul
967 2586 1139 2623 excusat
1169 2583 1366 2622 amasiam
1412 2585 1454 2622 et
1497 2582 1654 2635 spernit
1698 2592 1899 2632 rumores,

302 2635 358 2671 ita
387 2639 525 2675 autem
558 2642 602 2676 ut
647 2638 696 2677 ad
726 2639 850 2679 fidem
881 2639 1126 2681 servandam
1172 2640 1318 2681 leniter
1362 2640 1590 2681 admoneat.
1651 2638 1732 2680 Sed
1777 2639 1899 2680 istam

300 2689 352 2729 de
382 2691 551 2733 Lesbiae
581 2696 748 2747 perfidia
777 2697 940 2750 famam,
973 2710 1099 2751 quam
1130 2698 1319 2739 Veronae
1349 2702 1591 2752 aspernatus
1622 2701 1720 2750 erat,
1759 2708 1902 2738 veram

306 2759 394 2790 esse
423 2750 598 2792 Romam
631 2765 821 2795 reversus
853 2755 1039 2796 Catullus
1070 2769 1153 2796 non
1185 2757 1273 2797 sine
1316 2755 1463 2797 acerbo
1509 2755 1649 2796 dolore
1696 2755 1900 2809 cognovit.

304 2808 545 2850 Carminum
576 2823 734 2862 eorum,
764 2826 869 2866 quae
900 2813 1116 2854 discidium
1151 2813 1253 2854 illud
1285 2818 1499 2867 testantur,
1529 2826 1678 2868 agmen
1716 2813 1830 2854 ducit
1869 2824 1902 2853 c.

305 2866 451 2919 LXX,
481 2868 590 2921 quod
628 2874 745 2923 poeta
786 2871 1025 2912 mollissimo
1057 2872 1209 2913 doloris
1239 2884 1364 2913 sensu
1401 2884 1624 2926 percussus
1661 2872 1725 2912 his
1761 2869 1905 2912 verbis

306 2924 459 2966 finivit:

653 2982 773 3027 „dicit,
799 2984 859 3019 sed
884 2984 1010 3019 mulier
1034 2985 1160 3030 cupido
1183 2986 1274 3030 quod
1299 2986 1389 3021 dicit
1411 2986 1544 3022 amanti

653 3031 688 3063 in
713 3033 815 3065 vento
839 3034 874 3065 et
897 3031 1018 3075 rapida
1040 3032 1192 3067 scribere
1216 3034 1348 3076 oportet
1371 3034 1496 3077 aqua.“
