1976 3294
291 336 384 366 cuni
419 331 577 378 praeter
592 325 751 365 Allium
783 324 952 376 nullius,
982 325 1048 365 cui
1080 336 1123 365 se
1154 323 1353 365 beneficio
1385 322 1882 378 obstrictumproflteatur‚

289 383 473 424 Catullus
503 384 754 424 mentionem
784 383 916 435 faciat,
946 395 1029 423 non
1061 374 1283 423 admodum
1300 381 1507 436 probabile
1521 381 1710 423 videatur
1725 383 1882 424 nescio-

289 454 410 495 quem
457 441 630 482 alterum
675 442 718 481 in
750 442 866 482 exitu
911 442 1106 482 carminis
1150 446 1361 494 tamquam
1407 440 1633 507 principem
1671 445 1879 482 auctorem

288 500 431 540 salutis
459 499 612 540 inferri.
673 498 791 548 Quod
823 512 904 540 non
951 499 1088 554 probo.
1135 498 1241 540 Sane
1271 499 1453 539 carmine
1482 499 1571 553 ipso
1601 502 1719 553 poeta
1747 499 1880 541 facere

289 570 371 598 non
401 558 545 611 potuit,
591 558 690 611 quin
739 558 789 599 de
831 570 915 598 uno
946 559 1077 598 amico
1109 558 1218 598 Allio
1255 556 1381 598 verba
1410 557 1569 599 faceret.
1630 556 1710 598 Sed
1741 557 1807 598 hic
1836 558 1879 598 in

246 666 248 669 ,
285 615 368 656 fine
398 616 570 670 epistolii
602 616 774 656 carmini
805 616 998 670 adscripti
1027 619 1146 670 poeta
1176 615 1350 657 salutem
1375 616 1498 656 mittit
1531 615 1773 657 brevissime
1796 628 1879 657 non

286 674 420 715 solum
452 674 575 726 Anio,
606 674 677 715 sed
708 675 830 715 etiam
861 675 1052 715 dominae
1083 675 1173 715 eius
1204 678 1244 715 et
1274 674 1364 715 aliis
1395 675 1501 715 caris
1527 673 1681 715 Romae
1713 686 1879 715 versan-

242 758 249 766 -
285 731 413 773 tibus:
445 731 614 774 Lesbiae
644 736 800 774 amatae
831 736 871 773 et
900 734 1031 773 amico
1068 733 1196 785 alteri,
1242 734 1315 786 qui
1359 733 1447 786 ipse
1493 745 1660 786 quoque
1705 733 1880 786 „iuverit
1943 777 1966 791 Ἀ

285 790 470 843 officiis“,
522 792 609 831 sive
661 791 761 831 Allii
815 792 1034 832 amicitiam
1089 791 1322 831 conciliavit
1366 794 1526 845 poetae,
1577 793 1664 832 sive
1717 794 1879 845 poetam

285 849 458 889 deduxit
487 849 538 889 ad
570 848 770 901 Lesbiam,
815 851 903 890 sive
948 853 1175 903 utrumque
1218 849 1323 890 fecit.
1384 848 1514 890 Cuius
1544 850 1623 890 viri
1653 862 1805 891 nomen
1835 850 1879 890 in

285 906 437 948 litteris⁴
461 907 638 960 „aufert“
675 909 789 948 vocis
825 908 950 949 latere
985 911 1236 962 putaverunt
1265 907 1446 961 Scaliger
1482 907 1698 960 „Oufens“,
1728 907 1879 949 Munro

285 965 446 1018 „Afer“,
487 965 555 1007 Th.
587 966 771 1018 Heysius
802 967 982 1018 „Anser“
1022 967 1270 1007 conicientes
1300 965 1481 1021 (Lipsius
1511 968 1727 1020 „auspex“,
1755 966 1879 1008 Ross-

284 1022 454 1064 bachius
469 1024 686 1078 „auctor“).
716 1024 855 1065 Verba
864 1025 1152 1079 praecedentia
1174 1027 1311 1065 autem
1344 1029 1519 1077 „terram
1535 1025 1666 1066 dedit“
1682 1026 1782 1066 item
1797 1025 1879 1066 illis

284 1082 481 1122 mutanda
526 1095 615 1123 esse
659 1082 915 1126 videbantur.
977 1082 1091 1132 Quae
1121 1083 1468 1124 Mitscherlicbius
1504 1084 1683 1124 correxit
1725 1084 1770 1124 in
1815 1086 1878 1136 „te

282 1140 480 1192 tradidit“,
511 1140 691 1195 Scaliger
719 1142 762 1182 in
793 1145 856 1194 „te
885 1142 1144 1183 transdedit“.
1177 1141 1295 1190 Quod
1310 1142 1596 1196 gravissimam
1627 1141 1679 1183 ob
1710 1154 1878 1183 causam

283 1199 503 1239 reiciamus
548 1212 715 1240 necesse
761 1204 831 1240 est.
900 1199 1051 1253 „Nobis
1081 1204 1121 1241 te
1164 1198 1353 1241 tradidit“
1401 1200 1502 1240 nihil
1547 1200 1752 1254 significat
1795 1201 1878 1241 nisi

281 1256 423 1308 „nobis
467 1261 508 1298 te
553 1258 889 1299 commendavit.“
965 1258 1044 1300 Sed
1095 1271 1343 1313 magnopere
1394 1258 1536 1300 dubito
1591 1272 1694 1300 num
1739 1258 1877 1300 Allius

281 1314 440 1355 Catullo
471 1316 782 1357 commendatus
813 1317 892 1357 dici
923 1318 1061 1371 possit.
1121 1318 1323 1371 Apertum
1371 1321 1432 1358 est
1473 1330 1568 1358 cum
1612 1316 1876 1373 scribendum

281 1385 370 1414 esse
416 1386 515 1426 „nos
559 1374 633 1415 tibi
678 1375 878 1429 tradidit,“
902 1380 1014 1416 'tum
1063 1377 1320 1429 insequentis
1365 1388 1511 1416 versus
1556 1376 1718 1428 „omnia
1746 1375 1876 1416 bona“

280 1431 411 1472 multo
441 1433 572 1486 magis
603 1437 784 1486 spectare
815 1434 866 1474 ad
896 1434 1087 1475 Lesbiam
1119 1447 1243 1488 quam
1281 1434 1331 1474 ad
1361 1434 1532 1474 Allium.
1579 1432 1675 1483 Qua
1699 1446 1745 1475 re
1774 1446 1876 1474 non·

280 1489 385 1530 nulli
416 1494 463 1530 ut
492 1489 662 1532 Lesbiae
692 1492 1160 1534 mentioneminferrent
1175 1494 1369 1534 commoti
1385 1496 1494 1545 sunt,
1510 1492 1639 1533 veluti
1655 1494 1704 1533 A.
1721 1492 1876 1534 Statius

280 1548 422 1601 „nobis
452 1553 636 1590 teneram
674 1550 819 1603 dedit“,
849 1550 1128 1592 Baehrensius
1159 1564 1326 1604 „curam
1371 1550 1476 1605 (sive
1506 1549 1685 1604 taedam)
1731 1550 1875 1604 dedit“,

278 1606 426 1660 Peiper
455 1609 650 1660 „caram“.
709 1607 854 1661 Heysii
891 1610 1110 1651 inventum
1131 1608 1161 1663 1’)
1192 1610 1373 1662 „Anser“
1413 1609 1584 1664 Ellisius
1625 1609 1802 1664 (praeter
1830 1608 1874 1651 L.

278 1664 530 1706 Muellerum
561 1671 600 1707 et
632 1667 942 1722 Baehrensium,
989 1669 1061 1722 qui
1103 1669 1146 1708 in
1191 1668 1369 1709 editione
1399 1669 1562 1722 scripsit
1607 1668 1801 1722 ·„Anse1·“,
1829 1667 1873 1708 in

277 1725 570 1765 commentario
600 1726 704 1766 mire
735 1727 910 1767 coniecit
939 1729 1113 1778 „terram
1145 1727 1264 1768 dedet
1294 1727 1491 1780 haustis“)
1522 1738 1687 1781 quo-que
1716 1726 1874 1779 retinet,

279 1783 469 1835 quamvis
498 1784 541 1823 in
558 1783 717 1838 reliquo
734 1797 857 1825 versu
873 1785 1166 1826 conformando
1184 1798 1265 1826 11611
1283 1785 1428 1826 leviter
1443 1785 1653 1836 dissideat,
1685 1785 1875 1839 proponit

277 1841 387 1881 enim
419 1841 560 1893 „nobis
590 1854 677 1883 rem
710 1843 892 1884 condidit
920 1843 1091 1885 Anser“.
1137 1845 1284 1895 Anser,
1315 1844 1365 1884 de
1397 1856 1478 1897 quo
1508 1843 1691 1895 Heysius
1722 1843 1873 1897 aliique

277 1897 451 1940 editores
482 1901 672 1953 cogitant,
701 1904 820 1954 poeta
851 1902 1018 1955 quidam
1049 1905 1146 1954 erat,
1178 1903 1249 1955 qui
1288 1902 1370 1942 illis
1399 1899 1653 1956 temporibus
1689 1901 1870 1952 vivebat3

277 1968 399 2010 quem
431 1963 725 1999 commemorat
753 1959 876 2013 Verg.
907 1959 993 2000 Ecl.
1025 1961 1120 2009 9363
1154 1959 1272 2014 Prop.
1304 1960 1379 2002 III.
1409 1961 1533 2010 34843
1566 1959 1640 2000 Ov.
1670 1959 1787 2002 Trist.
1817 1959 1871 2000 H.

275 2016 371 2056 435.
419 2015 497 2057 Sed
529 2017 579 2057 de
608 2018 670 2070 iis,
717 2030 821 2071 quae
852 2018 1129 2059 Baehrensius
1175 2018 1225 2059 de
1262 2018 1558 2060 consuetudine
1587 2018 1699 2059 illius
1728 2022 1872 2072 poetae

278 2077 318 2114 et
349 2073 496 2114 Catulli
527 2075 662 2115 attulit
691 2076 732 2116 in
757 2076 860 2118 anal.
892 2090 980 2131 pag.
1015 2078 1082 2129 63,
1113 2077 1339 2118 rectissime
1368 2077 1565 2117 iudicavit
1593 2076 1820 2118 Schoellius
1836 2075 1871 2130 2)

274 2164 296 2184 „
327 2131 426 2173 Was
456 2133 502 2174 B.
534 2133 638 2174 iiber
668 2133 822 2176 Catulls
852 2135 1090 2176 Verbaltnis
1134 2148 1187 2175 zu
1231 2136 1369 2176 Anser
1399 2134 1588 2187 schreibt,
1633 2138 1872 2176 entstammt

274 2190 400 2231 leider
430 2191 640 2233 derselben
660 2191 815 2246 Quelle,
846 2193 918 2234 der
947 2195 1024 2234 wir
1037 2194 1141 2234 auch
1158 2193 1311 2235 Gabiae
1341 2194 1401 2235 als
1418 2193 1872 2246 Geburtsort-Tibull's,

273 2249 350 2290 den
382 2250 553 2291 zweiten
585 2250 777 2305 Elegiker
807 2252 967 2305 Albius,
1012 2252 1301 2293 unvollendete
1331 2251 1483 2293 Stiicke
1519 2252 1590 2293 des
1621 2251 1871 2293 Menandros

273 2320 311 2349 u.
343 2320 375 2348 a.
408 2308 658 2361 verdanken,
688 2310 823 2350 seiner
853 2311 1024 2364 eigenen
1056 2310 1311 2352 Phantasie.“

387 2365 538 2408 Munro
569 2379 623 2408 ex
652 2368 765 2408 vocis
796 2369 994 2422 „terram“
1038 2369 1184 2410 litteris
1214 2370 1426 2415 coniecit,
1431 2373 1481 2420 ,te
1512 2372 1552 2410 et
1581 2369 1729 2418 eram“,
1761 2369 1869 2410 elisi-

190 2428 196 2435 ·
274 2436 394 2464 onem
442 2425 665 2466 defendens
711 2427 899 2467 nonnulli
944 2427 1149 2468 similibus
1194 2427 1295 2469 locis
1326 2401 1538 2469 exhibitis:
1583 2439 1616 2469 6.
1646 2427 1761 2469 VIII.
1795 2428 1868 2469 16:

273 2486 337 2534 „te
367 2482 534 2534 adibit“;
582 2496 614 2526 6.
645 2483 743 2525 XII.
775 2487 821 2536 43
869 2498 901 2526 6.
932 2484 1081 2527 LXVI.
1115 2487 1190 2527 25:
1251 2491 1314 2539 „te
1344 2486 1460 2540 ego“;
1524 2486 1625 2526 Aen.
1657 2484 1732 2526 Xl.
1763 2485 1868 2527 41εο

273 2553 407 2591 ,,1111116
432 2542 487 2588 ,ad
519 2546 557 2582 te
589 2546 628 2583 et
657 2548 739 2595 tua,
769 2556 917 2595 magne
948 2548 1074 2598 pater,
1114 2544 1301 2585 consulta
1345 2544 1567 2593 revertor⁴⁶;
1627 2543 1715 2585 Ter.
1747 2543 1867 2585 Phor.

271 2599 368 2639 442.
429 2598 688 2654 Quamquam
727 2601 912 2643 Catullus
943 2603 1059 2643 utin
1092 2603 1183 2644 aliis
1227 2603 1473 2657 quibusdam
1519 2602 1642 2643 rebus
1686 2602 1868 2647 metricis

272 2657 329 2697 ita
358 2658 478 2698 etiam
511 2659 553 2698 in
587 2660 662 2699 hoc
691 2672 843 2713 genere
873 2661 1056 2701 elisionis
1073 2674 1263 2715 magnam
1282 2662 1513 2703 cautionem
1529 2673 1611 2701 non
1628 2658 1866 2711 adhibuitss),

271 2719 407 2755 tamen
441 2729 687 2770 magnopere
719 2718 818 2758 mihi
851 2718 1037 2773 displicet
1088 2719 1228 2760 inferri
1261 2719 1408 2760 Catulli
1440 2720 1611 2759 carmini
1644 2719 1721 2760 hoc
1749 2731 1866 2760 mon-

270 2777 400 2814 strum
433 2774 625 2815 elisionis.
677 2775 887 2818 Praeterea
918 2778 1011 2831 quis
1041 2778 1094 2818 sit
1124 2777 1269 2830 „Afer“
1300 2777 1370 2818 ille
1400 2776 1617 2818 Munronis
1649 2778 1864 2820 nescimus.

272 2855 323 2861 ——-
357 2831 423 2872 Ex
454 2832 601 2873 Catulli
634 2834 886 2876 carminibus
917 2838 1095 2876 statuere
1131 2838 1302 2876 conatus
1325 2834 1602 2888 Kiesslingius
1639 2848 1763 2890 quem
1799 2835 1866 2877 hic

272 2891 545 2932 nominaverit
573 2892 733 2945 poeta⁴)
766 2905 848 2934 non
878 2893 1256 2946 felicitercogitavit
1272 2894 1322 2934 de
1338 2893 1486 2935 Alfeno
1502 2894 1614 2935 Varo
1636 2895 1688 2949 (6
1704 2892 1864 2949 ΧΧΧ).

366 2982 517 3027 ¹,)pro
520 2982 667 3025 ,aufert‘
704 2983 880 3019 librorum.
953 2985 1212 3029 ⁰.)Fleckelsen
1262 2986 1681 3022 ann.1880.vol.121
1716 2998 1748 3031 p.
1786 2989 1864 3023 479.

270 3028 299 3067 ³)
324 3027 367 3063 cf.
395 3008 537 3072 Hauptii
560 3029 729 3064 observat
767 3031 854 3075 crit,
887 3031 1024 3076 Lipsiae
1064 3036 1161 3068 1841.
1189 3043 1263 3077 pag.
1296 3037 1346 3069 17.
1415 3034 1444 3078 ⁴)
1483 3034 1526 3069 cf.
1564 3033 1866 3075 commentationes

274 3074 532 3110 Mommsenian.
561 3086 633 3119 pag
659 3082 698 3111 '53
698 3081 724 3112 4
751 3088 823 3121 6111.
