1976 3294
944 196 992 201 -,
1058 173 1110 209 ry>
1191 197 1223 201 ,1

1057 199 1063 209 ι
1087 200 1109 211 ιιι

287 316 393 352 terra
426 323 623 364 quaerero
655 311 803 350 venas“
838 309 993 350 librarii
1026 310 1266 364 scripserint
1299 311 1510 362 „terram“.
1558 310 1647 360 Qua
1680 311 1729 352 de
1761 324 1885 353 causa

287 382 367 412 603,
409 370 477 422 qui
511 381 561 409 ex
601 367 798 420 „tcrram“
841 369 953 409 vocis
994 368 1185 410 litterulis
1222 380 1366 410 vocem
1403 369 1583 422 aliquam
1623 370 1884 421 „restituere“

287 428 420 468 conati
451 427 545 478 sint,
576 438 740 480 operam
771 426 1008 480 perdidisse.
1055 426 1174 476 Quod
1205 430 1315 468 recte
1345 427 1447 470 1111111
1462 426 1691 469 Schoellius
1720 428 1884 470 videtur

288 486 467 526 iudicare
512 485 721 538 ceteroqui
764 485 867 525 mire
909 485 1059 538 lapsus.
1134 484 1281 538 Neque
1326 486 1437 526 enim
1499 485 1577 526 sibi
1635 487 1884 540 persuadere

288 547 419 598 potest
448 547 608 597 poetam
640 543 703 583 his
721 542 911 584 versibus
927 543 1132 597 appellare
1148 556 1256 595 eum,
1287 555 1360 597 per
1383 556 1505 597 quem
1523 543 1694 586 Lesbiae
1706 545 1885 586 amicitia

288 602 532 643 coniunctus
564 602 630 653 sit,
661 600 792 653 „denn
825 601 894 642 fiir
924 602 1045 642 einen
1077 601 1244 643 solchen
1260 601 1503 643 Vermittler
1533 606 1643 644 ware
1674 603 1747 644 der
1776 604 1884 645 Aus-

287 659 416 700 druck
448 672 483 711 ,a
514 671 596 712 quo
637 660 775 699 omnia
805 659 912 700 bona
949 663 1044 700 nata
1080 661 1187 701 sunt‘
1227 660 1312 700 und
1350 660 1536 701 vollends
1573 674 1608 712 ,a
1639 673 1721 715 quo
1751 662 1884 715 primo

287 723 382 759 nata
412 719 519 758 311111ι
549 730 654 771 ganz
674 717 1017 770 unbegreiflioffl!
1056 717 1196 759 Verba
1225 719 1387 771 „omnia
1403 722 1544 760 nostra
1573 718 1703 760 bona“
1735 723 1885 774 autem,

288 789 393 830 quae
405 776 637 830 pertineant
649 776 699 816 ad
717 774 919 828 Lesbiam,
932 776 1059 818 altero
1077 776 1225 818 Catulli
1243 776 1332 818 loco
1348 777 1541 830 inveniri,
1557 790 1589 820 c.
1607 777 1774 819 LXXII
1790 780 1882 820 v.4:

287 836 348 887 „ei
384 835 534 875 misero
571 835 757 888 eripuisti
795 836 934 875 omnia
970 839 1112 876 nostra
1149 835 1290 877 bona“.
1359 833 1474 884 Quae
1511 835 1638 877 verba
1674 849 1758 877 11011
1795 837 1885 878 31116

287 906 410 934 causa
425 906 448 933 a
465 892 622 934 Catullo
645 893 815 947 repetita
845 893 1002 945 („nata“
1020 894 1128 934 enim
1153 893 1381 935 Schoellius
1399 894 1591 935 emendat
1604 895 1648 935 in
1681 894 1884 949 „nostra“)

287 951 566 992 demonstrare
596 951 662 990 hic
693 951 900 1005 designari
930 951 1097 993 Rufum.
1158 951 1349 1006 Denique
1378 953 1513 1006 priore
1544 965 1709 1007 quoque
1738 966 1885 995 versus

290 1011 370 1050 157
414 1013 526 1063 parte
571 1012 727 1050 mutata
757 1009 984 1051 Seboellius
1021 1011 1249 1051 restituisse
1285 1009 1364 1051 sibi
1401 1011 1565 1052 videtur
1599 1011 1711 1053 hunc
1746 1012 1884 1053 locum

287 1067 493 1108 scribens:
525 1066 601 1116 „Et
632 1069 704 1121 qui
733 1069 934 1122 principio
965 1068 1096 1114 nobis,
1127 1081 1197 1110 era
1228 1081 1333 1122 quae
1363 1069 1485 1122 dedit,
1517 1069 1659 1112 aufert.
1697 1071 1753 1111 A!
1786 1071 1884 1124 quoi

287 1131 383 1178 sunt
414 1126 614 1180 permissa
645 1127 783 1166 omnia
813 1132 953 1168 nostra
983 1126 1131 1180 bona,“
1167 1128 1270 1176 (sive
1305 1128 1363 1168 A!
1405 1128 1502 1181 quoi
1541 1131 1639 1169 sunt
1674 1132 1886 1183 praerepta

287 1186 595 1225 omnia-nostra
624 1184 759 1237 bona.)
820 1185 886 1226 Ad
925 1185 1036 1239 quod
1077 1186 1262 1227 adnotat:
1294 1186 1446 1239 „damit
1475 1187 1530 1227 ist
1565 1186 1757 1228 indiciert
1793 1188 1886 1228 eine

289 1243 578 1297 Anniiherung
607 1256 659 1283 an
692 1243 757 1284 die
787 1243 1049 1297 gliicklichen
1065 1243 1370 1297 Nebenbuhler,
1400 1257 1477 1285 vor
1506 1244 1626 1298 allem
1658 1258 1710 1286 an
1741 1244 1886 1299 Rufus,

291 1302 363 1342 der
393 1301 520 1342 schon
557 1301 709 1342 vorher
746 1302 834 1342 sein
873 1303 1065 1344 nachster
1100 1302 1265 1344 Freund
1301 1315 1488 1355 gewesen
1527 1316 1623 1357 war,
1660 1303 1788 1346 bevor
1823 1304 1889 1345 die

288 1359 485 1400 Rivalitat
515 1360 574 1401 sie
605 1361 819 1401 entzweite
850 1394 859 1403 .
891 1377 918 1411 ,ς
951 1395 960 1403 .
992 1395 1000 1404 ,
1032 1362 1075 1401 111
1108 1361 1248 1402 (1163611
1265 1361 1437 1402 Worten
1469 1361 1600 1402 reicht
1630 1361 1703 1403 der
1717 1361 1888 1404 Dichter

288 1418 511 1469 gleichsam
543 1414 618 1459 mit
654 1418 965 1472 abgewandtem
1002 1419 1160 1460 Antlitz
1198 1420 1291 1460 dem
1330 1416 1584 1474 ehemaligen
1625 1419 1790 1462 Freund
1821 1421 1887 1462 die

288 1476 412 1518 Hand
442 1489 518 1517 zur
548 1477 880 1531 Versohnung.“!
914 1501 966 1508 -
1000 1477 1249 1532 Magnopere
1280 1476 1421 1519 dubito
1452 1490 1554 1519 num
1574 1478 1675 1520 haec
1695 1478 1887 1520 Schoellii

289 1535 509 1589 disputatio
540 1535 665 1588 digna
694 1536 758 1588 sit,
790 1548 895 1590 quae
911 1536 962 1577 ab
980 1536 1244 1578 Harneckero
1260 1537 1496 1578 nominetur
1526 1538 1644 1590 „eine
1665 1538 1887 1591 ungemein

290 1594 533 1647 geistreiche
569 1593 839 1648 Herstellung
881 1594 954 1636 der
990 1594 1124 1636 Verse
1173 1595 1398 1650 157l158f‘
1413 1593 1444 1648 ¹)
1481 1595 1746 1650 Ineptissima
1786 1596 1887 1637 mihi

288 1652 452 1693 videtur
481 1653 558 1693 1106
588 1652 677 1693 1060
716 1653 816 1693 haec
853 1653 1116 1694 exclamatio:
1154 1654 1234 1707 ,,Αέ
1274 1655 1370 1707 quoi
1409 1657 1506 1694 sunt
1540 1657 1752 1708 praerepta
1787 1657 1850 1696 etc
1865 1655 1887 1675 ‘⁶

289 1709 421 1759 Quam
453 1712 638 1751 animum
667 1712 826 1752 tristem
859 1712 1072 1753 ostendere
1103 1715 1143 1753 et
1160 1724 1390 1766 repugnare
1419 1711 1539 1752 hilari
1555 1713 1682 1753 animi
1712 1712 1886 1766 affectui,

289 1782 371 1822 quo
403 1768 586 1810 Catullus
631 1782 798 1811 carmen
844 1771 1097 1824 conscripsit,
1144 1783 1227 1825 quo
1272 1783 1365 1811 rara
1393 1771 1652 1812 verecundae
1697 1771 1888 1812 dominae

287 1827 396 1868 furta
438 1840 527 1869 sese
568 1828 675 1869 ferre
711 1828 816 1869 velle
860 1828 976 1882 dixit,
1019 1841 1141 1870 nemo
1177 1828 1354 1883 negabit.
1414 1829 1543 1882 Atqui
1589 1830 1623 1870 si
1662 1830 1719 1870 ita
1754 1832 1887 1871 muta-

289 1886 471 1927 verimus
501 1899 538 1927 v,
574 1888 667 1939 158,
700 1887 905 1940 quomodo
937 1887 1191 1941 explicemus
1220 1901 1258 1928 v,
1293 1887 1402 1928 157?
1449 1886 1622 1928 Minime
1662 1887 1887 1930 verisimile

289 1947 351 1985 est
387 1948 471 1985 tam
518 1946 723 1986 artissimo
760 1946 963 1986 amicitiae
998 1945 1166 1986 vinculo
1209 1945 1416 1987 Catullum
1443 1958 1558 1986 cum
1602 1945 1673 1987 illo
1717 1946 1884 1988 homine

289 2003 556 2044 coniunctum
582 1998 704 2056 ’6336,
741 2007 788 2044 111
829 2003 949 2045 1101113
993 2016 1089 2045 eum
1136 2007 1410 2058 prosequatur
1445 2003 1651 2058 omnibus,
1697 2005 1888 2058 quamvis

289 2061 358 2102 ille
403 2062 605 2102 amicitiae
635 2074 734 2103 sane
778 2063 998 2103 immemor
1042 2062 1199 2104 auferat
1229 2063 1372 2116 amico,
1405 2075 1509 2116 quae
1540 2063 1694 2104 amasia
1730 2063 1888 2104 dederit

290 2120 547 2161 munuscula.
622 2119 736 2161 Nihil
788 2133 933 2162 censeo
986 2133 1108 2162 versu
1158 2122 1240 2162 158
1286 2120 1614 2162 emendandume
1665 2132 1755 2162 esse
1803 2122 1885 2162 nisi

290 2178 443 2227 .,bono“
494 2179 535 2219 in
590 2178 743 2231 „bona“
795 2178 923 2233 (quod
975 2180 1065 2220 31116
1110 2179 1236 2220 (1111110
1286 2182 1396 2221 16616
1453 2182 1718 2220 mutaverunt
1764 2178 1886 2234 Itali),

290 2241 497 2290 praeterea
528 2242 619 2291 post
648 2238 826 2291 „primo“
856 2237 1124 2279 inserendum
1162 2250 1252 2279 esse
1282 2238 1397 2291 „mi⁸‘,
1435 2249 1570 2291 neque
1607 2238 1719 2279 enim
1750 2238 1887 2279 hiatus

290 2295 355 2335 1116
374 2295 548 2336 'tolerari
580 2299 724 2349 potest,
761 2308 854 2336 cum
887 2309 1119 2350 numquam
1165 2295 1351 2337 Catullus
1387 2297 1631 2350 pentametri
1670 2308 1882 2338 caesuram

291 2353 403 2393 hiatu
446 2354 511 2394 vel
541 2353 655 2395 brevi
687 2353 845 2406 syllaba
883 2354 1087 2408 depravet,
1118 2354 1246 2409 (quod
1277 2367 1330 2396 ex
1375 2354 1558 2408 Hauptii,
1590 2358 1744 2408 quaest.
1803 2354 1888 2396 Cat.

290 2424 377 2465 pag.
426 2411 492 2464 86,
538 2413 777 2453 auctoritate
823 2425 966 2454 omnes
1010 2412 1096 2454 fere
1133 2413 1309 2454 editores
1349 2412 1630 2467 scripserunt).
1706 2412 1886 2454 Versum

291 2474 427 2510 autem
460 2470 657 2524 quihunc
686 2471 892 2525 praecedit
907 2472 967 2512 sic
982 2471 1202 2513 emendare
1232 2483 1359 2512 conor
1390 2496 1443 2502 —-
1476 2472 1510 2513 si
1533 2471 1575 2512 id
1589 2471 1690 2513 mihi
1723 2483 1886 2513 sumere

290 2527 384 2568 licet
416 2553 468 2558 ——

406 2584 500 2638 „Et
541 2586 620 2639 qul
657 2587 887 2641 principio
924 2587 1057 2631 1101113
1097 2588 1191 2631 iam
1229 2599 1363 2641 quam
1405 2586 1534 2630 dedit
1564 2586 1736 2632 aufert
1740 2588 1770 2612 “

291 2654 403 2696 Nihil
437 2657 539 2700 nisi
543 2658 727 2709 ,¹‘terram
759 2670 901 2710 vocem
919 2661 1034 2699 muto
1064 2659 1107 2699 in
1140 2659 1244 2711 ,iam
1268 2658 1433 2712 quam“;
1475 2661 1538 2710 „et
1570 2659 1641 2712 qui
1663 2658 1887 2712 principio“

293 2717 400 2755 recte
430 2714 602 2756 traditus
634 2728 722 2756 esse
753 2717 853 2757 mihi
884 2716 1048 2758 videtur
1078 2692 1160 2769 hic,
1186 2718 1294 2758 sicut
1323 2729 1356 2757 6.
1387 2714 1536 2757 LXVI.
1571 2729 1606 2759 v,
1623 2718 1678 2758 49
1709 2717 1886 2757 initium.

293 2772 505 2813 Contraria
536 2774 642 2814 inter
673 2786 716 2814 se
747 2774 871 2815 verba
908 2775 1042 2827 „dedit
1072 2774 1225 2816 aufert“
1263 2787 1346 2815 non
1378 2775 1656 2828 attemptanda
1685 2787 1774 2816 esse
1803 2775 1887 2815 iam

293 2830 519 2872 Schoellius
551 2835 659 2872 recte
690 2832 814 2873 dixit:
854 2832 949 2886 „das
980 2836 1207 2887 pragnante
1237 2832 1698 2887 Aufeinanderklappen
1729 2832 1802 2874 der
1830 2834 1888 2874 im

294 2889 523 2943 Gegensatz
555 2902 606 2930 zu
639 2891 837 2932 einander
867 2891 1091 2932 stehenden
1123 2890 1268 2933 Worte
1307 2890 1401 2931 darf
1427 2891 1541 2932 nicht
1570 2891 1892 2946 wegkorrigiert,

294 2947 472 2988 sondern
505 2960 621 2989 muss
652 2948 780 2989 durch
805 2949 1074 3003 Herstellung
1104 2937 1176 2991 (161
1206 2949 1406 2991 Satzform
1440 2949 1682 3003 ermoglicht
1711 2949 1888 3002 werden,

436 3062 460 3106 ¹)
487 3062 601 3106 Progr.
629 3062 821 3107 Friedberg.
852 3067 948 3099 1881.
977 3074 1050 3112 pag.
1082 3068 1132 3099 13.
