1976 3294
727 130 1021 169 -17-

53 275 257 329 sequitur.
341 271 462 322 Quod
509 271 828 313 matrimonium
887 269 1227 311 infelicissimum
1285 267 1417 309 fuisse
1462 263 1692 307 verisimile

54 338 126 376 est.
189 332 367 374 Maritus
398 332 677 387 gravissimus
721 333 762 372 et
791 330 1092 384 integerrimus
1125 328 1274 370 uxoris
1306 327 1439 368 animi
1481 325 1692 367 levitatem

53 397 94 435 et
113 405 280 435 morum
303 393 551 447 pravitatem
573 390 818 445 indignatus
843 390 1087 444 quomimus
1104 387 1250 430 Clodia
1267 386 1486 428 libidinem
1511 383 1693 425 incredi-

50 452 177 494 bilem
209 456 250 493 et
279 452 322 492 in
358 451 446 492 dies
477 446 735 492 crescentem
767 449 964 490 effrenate
996 450 1212 489 exerceret
1230 446 1400 487 videtur
1414 443 1692 500 prohibuisse.

51 511 132 553 Sed
164 524 262 552 cum
281 511 426 552 Clodia
456 522 547 551 sese
579 510 794 550 continere
826 521 910 549 non
943 511 1083 562 posset
1114 508 1229 548 rixas
1253 507 1363 547 inter
1385 505 1558 546 maritos
1582 506 1694 545 ortas

53 584 144 613 esse
177 570 322 612 Cicero
353 574 500 611 auctor
531 573 604 623 est,
637 569 711 623 qui
744 568 795 609 de
827 567 1005 609 muliere
1035 566 1108 607 illa
1139 567 1306 621 scripsit
1337 565 1388 606 ad
1405 565 1608 617 Atticum,
1638 562 1694 603 ΙΙ.

58 633 94 672 1.
128 632 180 671 5:
230 629 343 684 „Ego
374 629 488 670 illam
522 627 748 683 (Clodiam)
796 628 865 668 odi
911 627 1021 668 male
1054 626 1331 667 consularem.
1392 623 1455 666 Ea
1487 624 1601 665 enim
1634 626 1696 663 est

56 690 265 741 seditiosa,
302 701 351 730 ea
381 701 477 730 cum
511 689 603 728 viro
635 687 794 728 bellum
841 687 961 741 gerit,
1008 698 1149 740 neque
1196 685 1333 726 solum
1379 697 1479 726 cum
1526 681 1695 724 Metello

54 749 126 790 sed
159 749 284 790 etiam
318 761 414 789 cum
447 747 588 800 Fabio,
634 747 747 801 quod
780 759 850 787 008
898 746 1002 787 1111111
1049 757 1140 787 0880
1184 746 1342 786 31111008
1373 744 1549 785 moleste
1578 742 1693 783 fert.“

54 808 213 850 Eadem
247 807 426 862 epistula
457 807 769 848 demonstratur
800 807 882 846 iam
916 810 1007 846 tum
1026 804 1194 846 Clodiae
1209 804 1364 845 famam
1382 816 1468 844 non
1487 803 1695 844 sinceram

54 868 196 909 fuisse.
258 866 415 908 Narrat
446 867 557 908 0111111
592 866 737 908 Cicero
777 879 902 920 quam
936 877 1022 906 non
1053 864 1293 905 verecunde
1323 865 1412 918 ipse
1444 866 1484 904 et
1514 861 1696 903 Publius

57 927 108 968 de
139 939 188 968 ea
219 927 303 968 sint
333 927 468 967 iocati.
533 925 659 980 (Nam
693 938 790 966 cum
823 924 894 965 ille
928 928 1104 978 questus
1137 927 1246 965 esset
1278 923 1392 978 quod
1425 935 1553 976 soror,
1587 933 1696 975 quae

53 989 216 1027 tantum
251 985 424 1027 haberet
461 986 504 1026 in
538 984 787 1039 spectaculis
826 984 1060 1025 consularis
1106 983 1200 1036 1001,
1246 996 1381 1024 unum
1431 981 1511 1023 sibi
1557 981 1696 1022 solum

54 1045 202 1100 pedem
237 1045 365 1098 daret,
403 1045 550 1098 „noli“,
592 1045 733 1098 inquit
765 1043 922 1096 Cicero,
962 1043 1036 1098 „de
1079 1056 1166 1084 uno
1212 1043 1318 1097 pede
1365 1043 1521 1084 sororis
1554 1041 1694 1095 queri;

55 1106 153 1146 licet
200 1105 323 1146 etiam
373 1104 551 1145 alterum
584 1102 760 1156 tollas.“)
824 1102 941 1152 Quae
988 1116 1086 1143 cum
1132 1103 1190 1143 ita
1237 1106 1388 1155 essent,
1434 1101 1556 1142 facile
1599 1099 1695 1141 fieri

51 1165 189 1219 potuit
220 1167 280 1216 ut,
312 1177 410 1205 cum
458 1176 569 1204 anno
609 1164 773 1216 695s59
808 1161 854 1211 Q.
886 1161 1082 1203 Metellus
1130 1161 1251 1203 Celer
1296 1162 1515 1216 repentina
1560 1163 1695 1200 morte

53 1223 305 1278 absumptus
323 1227 444 1277 esset,
461 1235 609 1264 rumor
624 1224 669 1263 iu
688 1222 794 1263 urbe
818 1223 1017 1263 existeret
1034 1221 1221 1262 Clodiam
1246 1223 1386 1263 oneris
1409 1220 1696 1262 molestissimi

53 1283 227 1324 tollendi
271 1295 399 1324 causa
443 1295 608 1324 veneno
657 1283 855 1323 maritum
902 1294 1085 1323 necasse.
1149 1279 1271 1330 Quod
1318 1294 1458 1322 coram
1497 1278 1696 1321 omnibus

52 1342 165 1383 haud
213 1341 392 1383 obscure
439 1342 694 1396 significavit
726 1341 871 1383 Cicero
908 1342 953 1381 in
993 1342 1179 1382 oratione
1217 1354 1292 1395 pro
1325 1340 1379 1381 M.
1413 1339 1552 1381 Caelio
1582 1338 1695 1380 Rufo

53 1401 205 1455 habita,
238 1402 306 1443 24.
344 1414 394 1450 59,
433 1414 489 1442 6οῑ
538 1414 688 1455 „quem
736 1402 875 1442 virum
925 1401 961 1441 si
1008 1394 1126 1441 nulla
1171 1401 1237 1441 vis
1275 1400 1485 1455 repentini
1524 1398 1695 1440 sceleris

54 1461 309 1514 sustulisset,
326 1473 508 1515 quonam
528 1461 656 1501 modo
670 1460 740 1501 ille
756 1460 916 1501 furenti
938 1460 1058 1501 fratri
1074 1473 1152 1501 8110
1176 1460 1410 1501 consularis
1434 1458 1692 1500 restitisset.“

55 1519 222 1562 Caelius
253 1519 392 1561 Rufus
425 1533 607 1574 quoque,
655 1520 706 1561 de
739 1532 823 1574 quo
870 1519 979 1560 infra
1025 1519 1149 1574 plura
1181 1520 1383 1573 dicemus,
1429 1520 1473 1560 in
1506 1517 1694 1559 oratione

51 1581 97 1620 in
131 1578 318 1620 Clodiam
351 1579 503 1632 habita,
549 1592 648 1620 011111
678 1580 723 1620 111
770 1579 927 1620 iudicio
975 1583 1120 1620 contra
1153 1578 1322 1620 Clodiae
1360 1579 1616 1620 calumniam
1650 1590 1694 1618 se

53 1638 305 1690 defenderet,
337 1639 688 1692 Clytemnestram
722 1639 1063 1693 quadrantariam
1097 1651 1190 1680 eam
1222 1639 1459 1679 nominavit
1479 1639 1521 1692 1).
1576 1637 1694 1678 Num

52 1702 193 1739 autem
226 1697 370 1739 Clodia
400 1699 601 1739 maritum
631 1711 805 1739 necasse
837 1699 890 1739 sit
905 1698 1091 1752 putanda
1114 1698 1162 1739 B.
1181 1697 1412 1739 Schmidtio
1430 1699 1462 1749 2)
1494 1709 1694 1739 assensus

53 1770 308 1812 magnopere
340 1757 485 1798 dubito
518 1761 645 1812 atque
676 1758 807 1798 miror
829 1757 1088 1799 aSchwabio
1120 1758 1163 1798 id
1194 1771 1270 1812 pro
1303 1758 1519 1812 explorato
1536 1756 1692 1798 haberi.

52 1818 197 1871 Atque
227 1818 415 1871 primum
448 1817 621 1871 quidem
654 1829 781 1858 causa
813 1817 1009 1858 Caeliana
1040 1830 1151 1858 anno
1184 1817 1358 1859 demum
1376 1818 1554 1870 698s56,
1585 1816 1625 1857 h.
1659 1828 1692 1858 e.

53 1875 189 1917 tribus
221 1877 343 1917 annis
374 1880 468 1930 post
500 1876 663 1917 obitum
693 1876 851 1917 Metelli
884 1885 974 1917 acta
1006 1880 1079 1930 est,
1112 1889 1211 1918 cum
1240 1881 1363 1918 antea
1392 1877 1443 1918 de
1465 1889 1514 1918 00
1529 1876 1692 1931 flagitio

53 1939 247 1990 suspecta
277 1935 409 1977 fuisse
441 1934 585 1976 Clodia
615 1949 703 1977 non
734 1936 938 1978 videatur.
970 1936 1079 1977 Tum
1111 1940 1254 1978 autem
1284 1938 1445 1978 mirum
1476 1939 1587 1978 certe
1619 1939 1692 1989 est,

54 1993 244 2036 Caelium
274 2007 361 2036 non
393 1994 661 2036 abhorruisse
692 1995 743 2036 ab
769 2008 910 2036 amore
926 1995 1118 2037 mulieris
1134 1996 1250 2037 illius
1266 1996 1490 2048 veneficae,
1508 2008 1694 2050 quacum

51 2054 377 2096 familiaritatem
409 2055 447 2095 ei
476 2054 608 2096 fuisse
637 2056 748 2096 inter
779 2067 911 2095 annos
929 2056 1092 2104 695s59
1113 2059 1153 2096 et
1169 2056 1334 2106 697s57
1365 2056 1690 2109 maximumque

54 2126 163 2154 anno
182 2114 266 2155 696
270 2114 346 2166 s58
364 2113 647 2167 Schwabiusss)
679 2117 790 2155 recte
807 2114 961 2155 statuit.
981 2113 1086 2163 Quis
1103 2118 1166 2155 est
1182 2115 1367 2169 denique
1389 2116 1459 2156 cui
1475 2114 1690 2169 probabile

52 2172 245 2214 videatur
277 2172 466 2214 Clodiam
495 2173 702 2215 interfecti
735 2186 897 2214 veneno
929 2174 1068 2214 mariti
1101 2175 1313 2215 consciam
1343 2173 1506 2215 Rufum
1537 2175 1691 2215 veneni

55 2231 134 2272 sibi
164 2233 296 2286 parati
327 2236 621 2273 accusaturam
650 2232 782 2274 fuisse
813 2237 862 2274 ut
892 2232 1108 2274 infidelem
1139 2237 1369 2275 amatorem
1386 2233 1688 2275 ulcisceretur?

54 2289 206 2331 Nonne
236 2291 307 2331 illa
323 2291 400 2332 hac
431 2304 476 2332 re
493 2295 638 2333 contra
661 2305 706 2333 se
727 2293 864 2346 ipsam
881 2305 997 2334 arma
1019 2293 1271 2335 adversariis
1296 2293 1688 2335 subministrasset?

195 2348 394 2403 Dubium¹
418 2351 523 2391 mihi
552 2364 639 2392 non
686 2352 855 2392 videtur
901 2364 992 2393 esse
1041 2353 1146 2406 quin
1179 2352 1324 2394 Cicero
1371 2353 1449 2394 hac
1495 2354 1541 2393 in
1572 2365 1618 2394 re
1649 2357 1690 2394 et

57 2407 152 2449 odio
185 2407 354 2450 Clodiae
386 2413 426 2450 et
457 2409 595 2450 studio
627 2410 755 2452 Caelii
802 2411 1052 2452 defendendi
1083 2412 1284 2454 incensus
1328 2413 1516 2454 veritatis
1561 2411 1690 2453 fidem

57 2479 141 2508 non
182 2469 421 2509 servaverit.
482 2468 536 2509 In
582 2469 674 2510 aliis
711 2473 853 2511 autem
901 2483 1006 2524 quas
1049 2471 1226 2525 protulit
1267 2471 1395 2513 rebus
1442 2472 1689 2513 Ciceronem

55 2539 140 2567 non
171 2526 353 2568 multum
386 2528 599 2569 averitate
623 2528 844 2570 deflexisse
874 2533 1022 2584 putare
1038 2530 1237 2571 iubemur
1268 2535 1308 2572 et
1330 2538 1507 2572 naturae
1538 2544 1689 2572 causae

56 2584 274 2627 Caelianae
304 2587 464 2628 ratione
495 2586 637 2628 habita
669 2591 709 2629 et
741 2589 1003 2643 cognominis
1036 2588 1204 2631 Clodiae
1235 2591 1357 2631 inditi
1389 2594 1429 2632 et
1458 2592 1689 2632 testimonii

55 2644 284 2688 Plutarchi.
329 2644 659 2695 Quadrantariae
690 2660 857 2696 nomen,
891 2649 1003 2702 quod
1036 2649 1139 2689 nihil
1173 2649 1409 2704 significare
1439 2654 1576 2705 potest
1606 2651 1688 2692 nisi

56 2703 278 2745 mulierem
309 2705 484 2746 minimo
500 2707 632 2760 pretio
663 2707 688 2747 i.
704 2719 738 2749 e.
772 2707 1016 2762 quadrantis
1050 2709 1240 2750 mercede
1271 2711 1505 2764 unicuique
1535 2722 1688 2764 corpus

56 2763 388 2818 prostituentem,
425 2768 517 2806 tum
557 2766 747 2807 omnium
787 2769 828 2808 in
870 2780 941 2808 ore
978 2767 1110 2809 fuisse
1148 2768 1364 2823 videtur-A)
1433 2768 1554 2818 Quod
1592 2782 1687 2823 cog-

199 2861 225 2905 l)
252 2861 351 2904 Quod
366 2865 500 2898 constat
513 2863 720 2907 Quintiliani
734 2867 951 2902 testimonio:
978 2867 1076 2911 VIII,
1092 2871 1124 2903 6.
1141 2871 1196 2904 53.
1235 2867 1265 2913 2)
1290 2868 1312 2903 1.
1327 2880 1357 2903 0.
1373 2879 1451 2913 pag.
1471 2868 1597 2904 XVIII
1610 2879 1684 2914 sqq.

55 2908 86 2952 3)
122 2908 161 2944 L.
189 2921 218 2944 0.
255 2920 332 2953 pag.
371 2914 428 2946 66.
464 2921 540 2956 sqq.
591 2913 621 2956 ⁴)
659 2914 703 2949 cf.
743 2913 814 2950 Cic.
854 2925 886 2958 p.
926 2914 962 2949 C.
1002 2918 1056 2950 22.
1084 2924 1134 2958 623
1173 2918 1229 2950 29.
1271 2925 1315 2952 69.
1373 2916 1564 2961 Drumann,
1602 2917 1714 2957 hist..

55 2960 227 3016 Rom.114
244 2973 276 3006 p.
296 2965 376 2998 381.
403 2962 492 2999 Plut.
520 2963 591 3000 Cic.
619 2968 679 3001 29:
722 2959 773 3013 ἢν
810 2961 1201 3014 Κουνὸρανταρίαν
1248 2960 1436 3003 ἐκάλουν
1484 2961 1550 3003 ὅτι
1596 2965 1685 3003 ταῖν

56 3010 267 3114 epactam&
291 3024 358 3057 τις
403 3009 516 3064 αὐτῆ
554 3014 750 3063 χαλκοῦς
786 3013 988 3066 ἐμβαλών
1026 3015 1089 3064 εἰς
1124 3015 1358 3066 βαλάντιον
1389 3016 1448 3065 ὥς
1477 3015 1686 3071 ἀργύριον

56 3076 226 3114 ειςεπεμ
273 3077 329 3103 εν.
