1976 3294
39 301 259 349 „lacrimae
304 299 463 340 salsum
502 296 796 351 sanguinem“;
837 299 878 337 et
908 295 1028 337 Lucr.
1062 295 1086 337 l.
1120 308 1176 337 a.t
1223 294 1379 347 „salsae
1425 292 1676 347 lacrimae“).

41 348 163 410 ‘Quod
193 359 277 400 illis
308 358 466 413 placuit
511 361 552 398 et
597 356 890 397 allitteratione
937 355 1064 410 (salso
1113 352 1283 408 sudore)
1328 359 1369 395 et
1415 353 1677 408 oppositione

41 419 182 475 (dulce
214 422 255 460 et
277 416 466 471 salsum).

158 495 197 526 v.
229 482 307 527 63.
370 481 483 535 ‚,hic“
516 481 710 522 cohaeret
741 493 840 521 cum
877 493 914 522 v,
949 481 1018 525 66,
1068 478 1277 534 significat
1315 478 1463 532 „tunc“
1468 511 1477 529 ,
1528 479 1571 518 in
1612 477 1677 519 his

39 545 146 585 meis
178 543 383 595 angustiis
415 541 482 596 (cf.
515 553 551 582 c
582 539 734 582 LXIV.
752 541 865 591 269).
898 539 1099 581 Similiter
1120 542 1382 593 usurpatur,
1386 537 1491 592 ,ibi“‚
1508 550 1539 579 c.
1558 536 1675 580 VIII.

42 605 86 655 6·
121 616 153 644 c.
185 601 344 655 LXIII,
375 600 445 643 42.
481 601 555 651 76,
590 613 623 642 c.
655 598 809 642 LXVI
844 600 921 650 333
966 598 1297 640 Phaedr.1..112
1331 622 1383 627 -
1417 597 1534 639 Haec
1566 609 1678 638 com-

40 663 199 717 paratio
230 663 358 716 petita
390 664 452 702 est
480 662 760 732 atempestate
790 660 1010 701 maritima.
1043 658 1110 698 Ad
1144 671 1269 712 quam
1304 657 1493 699 conferas
1515 657 1562 699 Il.
1580 655 1677 699 V.II

42 724 128 764 4-
135 724 179 763 7:
227 740 288 772 ως
318 723 367 764 δὲ
385 720 491 770 θεος
533 721 747 777 ναύτῃσιν
777 720 1100 773 ἐελδομένοισιν
1132 719 1295 761 ἔδωκεν
1327 736 1459 775 ουρον
1491 720 1592 761 ἐπεί
1629 735 1678 760 κε

43 782 247 836 κάμωσιν
278 782 483 839 ἐῦξεστῇς
512 781 714 837 ἐλάτῃσιν
745 782 900 823 πόντον
916 780 1184 831 ἐλαύνοντες,
1216 781 1394 836 καΗιοέτΗ
1427 782 1465 821 δ’
1472 779 1556 821 ὑπὸ
1574 786 1678 834 γυῖα

45 844 257 895 λέλυηαι,
287 842 387 892 ὡς
460 875 470 884 .
531 828 624 881 Val.¹
655 839 788 881 Flacc.
822 839 916 880 VII
950 841 1022 880 25:
1071 843 1264 893 „gratave
1310 840 1395 879 iam
1434 838 1556 880 fessis
1588 839 1679 879 des—

42 902 229 943 cendunt
257 901 432 942 flamina
461 900 624 944 remis“.
685 899 735 940 In
770 899 888 952 nigro
920 898 1090 939 turbine
1120 899 1236 939 venit
1266 899 1407 939 nautis
1439 911 1486 939 eo
1517 899 1680 939 iactatis

44 961 229 1002 secunda
267 974 380 1002 aura.
444 959 511 1013 (cf,
545 961 648 1000 Aen.
680 959 713 999 I.
745 959 850 999 442:
913 959 1075 1010 „iactati
1122 958 1248 998 undis
1299 961 1339 998 et
1384 957 1588 999 turbine“.
1623 982 1678 987 —-

42 1033 75 1062 c.
108 1019 261 1062 LXIV.
294 1022 398 1062 149:
462 1023 529 1073 „in
576 1018 723 1059 tubine
769 1018 978 1058 versans“.
1042 1016 1204 1069 „Turbo
1252 1017 1362 1058 ater“
1409 1017 1591 1071 legimus
1634 1018 1679 1058 in

40 1080 167 1132 Verg.
199 1081 306 1122 Aen.
338 1079 394 1121 X.
428 1080 525 1123 603.
559 1103 614 1108 -—
648 1077 697 1119 cf.
729 1075 852 1131 Prop.
883 1077 957 1119 IV.
992 1078 1088 1118 5.11:
1123 1079 1271 1130 „vento
1287 1077 1528 1118 iactamur“.
1577 1076 1679 1118 Hor.

43 1140 158 1193 epist.
190 1140 221 1181 I.
246 1141 352 1182 11.15
386 1138 569 1192 „alterna
602 1138 802 1192 quoniam
834 1138 1041 1177 iactamur
1071 1137 1114 1176 in
1147 1135 1315 1189 unda2‘).
1350 1161 1402 1165 —
1437 1137 1682 1191 nigrivocis

43 1200 157 1253 prior
189 1198 350 1251 syllaba
380 1199 449 1239 hic
479 1198 740 1254 producitur,
772 1209 804 1236 c
836 1195 990 1237 XLIII.
1026 1197 1063 1237 2.
1095 1197 1330 1250 corripitur.
1364 1221 1418 1225 —

162 1270 200 1300 v,
233 1258 305 1300 65.
367 1257 431 1299 De
462 1271 565 1300 voce
597 1271 621 1297 a
651 1256 770 1297 libris
808 1259 1003 1310 corrupte
1042 1255 1193 1296 tradita
1231 1255 1496 1309 „implorate“
1528 1269 1683 1310 magna

43 1319 155 1358 inter
207 1319 373 1358 criticos
418 1318 623 1360 dissensio
674 1319 746 1356 est
829 1314 1127 1356 Lachmannus
1181 1316 1359 1356 coniecit
1409 1315 1679 1370 „imploratu“

46 1377 207 1418 ratione
238 1377 378 1418 habita
408 1378 573 1433 repetiti
602 1374 797 1416 vocabuli
835 1375 979 1428 „iam“,
1018 1374 1130 1428 quod
1169 1387 1327 1415 novum
1366 1374 1678 1415 substantivum

46 1437 175 1490 priori
207 1437 376 1491 „prece“
409 1436 667 1491 respondens
696 1434 867 1489 flagitet.
915 1433 1008 1482 Qua
1038 1447 1083 1474 re
1116 1447 1376 1488 quamquam
1409 1447 1562 1488 negare
1595 1447 1680 1475 non

47 1508 275 1550 possumus
326 1498 529 1538 maiorem
582 1495 747 1536 restitui
794 1494 1118 1534 concinnitatem
1167 1507 1204 1535 v
1252 1495 1321 1544 65,
1366 1497 1507 1535 tamen
1553 1495 1680 1535 nimis

46 1555 299 1596 offendimus
316 1556 360 1596 in
374 1569 477 1597 voce
494 1553 764 1609 „imploratu“
781 1554 882 1607 ipsa,
901 1554 1055 1607 quippe
1073 1553 1184 1607 quod
1199 1553 1262 1594 sid
1295 1553 1407 1605 ἅπαξ
1437 1555 1682 1609 λεγόμενον.

45 1613 318 1656 Retineamus
370 1616 412 1656 id
461 1615 573 1670 quod
619 1613 809 1668 plerique
863 1613 1040 1653 editores
1087 1625 1140 1653 ex
1187 1615 1430 1654 auctoritate
1476 1614 1680 1655 Italorum

46 1678 314 1728 receperunt:
350 1673 614 1729 „implorata“
647 1672 729 1714 Sed
761 1672 811 1712 ad
846 1685 974 1726 quam
1004 1684 1150 1713 vocem
1185 1673 1450 1727 „implorata“
1484 1678 1546 1714 est
1577 1673 1682 1715 refe-

45 1734 256 1774 rendum?
290 1733 472 1789 Vulpius
504 1734 574 1774 alii
591 1736 812 1774 traxerunt
843 1732 894 1772 ad
913 1731 1080 1785 „prece“
1104 1731 1370 1785 (Ablabsol.)
1386 1737 1681 1787 comparantes

46 1792 182 1833 Plaut.
214 1792 321 1834 Rud.
356 1795 460 1835 258:
508 1805 675 1847 „preces
708 1790 1016 1845 expetessunt“,
1049 1791 1161 1844 quod
1199 1793 1284 1832 iam
1323 1792 1482 1833 Statius
1525 1793 1680 1835 reiecit.

46 1852 133 1892 Alii
165 1856 276 1893 recte
319 1854 423 1894 mihi
463 1853 664 1893 videntur
711 1863 882 1891 censere
923 1850 1187 1904 „implorata“
1233 1864 1324 1892 esse
1370 1852 1681 1894 nominativum

46 1915 87 1952 et
129 1913 473 1966 coniungendum
519 1924 610 1953 esse
654 1923 750 1951 cum
797 1923 923 1963 „aura
960 1910 1180 1951 secunda‘fi
1243 1910 1308 1952 Ne
1341 1911 1605 1953 offendamus
1635 1913 1679 1953 in

46 1983 129 2012 usu
160 1984 255 2012 raro
287 1972 535 2027 „implorare
566 1971 747 2012 auram‘fl
812 1968 915 2018 Quis
948 1964 1111 2010 dubitet
1143 1971 1244 2024 quin
1278 1983 1363 2011 non
1397 1972 1539 2012 minus
1570 1975 1683 2012 recte

47 2030 211 2071 dicatur
242 2044 411 2083 „auram
443 2030 691 2085 implorare“
725 2042 853 2096 quam
886 2029 1383 2084 „auxiliumimplorare“
1416 2031 1504 2071 sive
1536 2044 1683 2085 „opem

47 2089 294 2143 implorare“
326 2091 426 2145 (Cic.
459 2104 490 2132 r.
523 2104 560 2144 p.
597 2089 702 2142 I.40.)
735 2089 823 2129 sive
856 2088 1079 2141 „coelestes
1110 2102 1242 2142 aquas
1274 2089 1521 2144 implorare“
1562 2090 1681 2146 (Hor.

48 2161 70 2189 e
100 2150 164 2190 ist.
195 2149 251 2190 II.
286 2151 410 2191 135..
445 2176 500 2180 —

72 2162 98 2203 p
167 2208 321 2262 „Prece
353 2149 562 2251 1901111013ιζ
601 2209 668 2248 hic
701 2207 932 2247 adhibitum
968 2210 1030 2248 est
1060 2208 1170 2248 sicut
1215 2212 1335 2261 „vota
1367 2208 1530 2261 deum“,
1575 2210 1681 2252 Aen.

48 2265 124 2308 XI.
157 2270 203 2318 43
237 2268 444 2320 „Junonis
476 2268 659 2320 votum“,
691 2267 812 2321 Prop.
844 2267 894 2308 V.
933 2270 1046 2318 1.101;
1094 2266 1182 2307 Liv.
1220 2267 1346 2322 praef.
1382 2269 1455 2309 13:
1517 2281 1683 2322 „preca—

48 2325 236 2367 tionibus
269 2328 486 2379 deorum“;
521 2329 636 2382 epist.
670 2326 886 2367 Corneliae
917 2339 968 2380 ap
999 2325 1222 2381 Nepotem:
1281 2331 1344 2379 „te
1376 2339 1522 2369 eorum
1556 2328 1683 2369 deum

47 2398 192 2440 preces
224 2387 453 2441 expetere‘„
486 2387 554 2442 (ad
588 2399 696 2441 quae
728 2386 777 2426 cf.
809 2385 1062 2439 Nipperdey,
1095 2399 1234 2440 opusc.
1268 2400 1303 2440 p.
1333 2388 1436 2438 1173
1469 2386 1683 2429 Jordanus

48 2445 234 2486 Hermae
265 2445 362 2500 XV,
388 2459 479 2500 pag.
515 2447 630 2498 533).
663 2445 711 2487 Of.
748 2442 884 2494 εὐχαί
913 2443 1055 2492 θέαἷνς
1085 2444 1251 2483 παιᾶνα
1270 2443 1492 2497 Ἐρινύων,
1531 2448 1682 2490 AeSOh.

51 2505 126 2559 Ag.
160 2506 258 2546 645.
291 2531 347 2535 —
380 2505 488 2547 Sunt
535 2506 609 2559 qui
657 2506 823 2559 „perce“
860 2505 965 2545 falso
996 2505 1293 2559 intellexerint,
1327 2507 1400 2560 qui
1431 2507 1683 2560 putaverint.

49 2562 291 2617 Dioscuros,
323 2565 422 2606 deos
454 2566 650 2617 minores,
687 2565 930 2618 imploratos
962 2577 1053 2605 esse
1085 2578 1108 2605 a
1140 2566 1290 2618 nautis,
1322 2570 1370 2606 ut
1401 2566 1685 2620 supplicarent

49 2622 159 2676 Jovi,
207 2625 281 2678 qui
327 2637 443 2665 mare
488 2623 766 2677 tranquillum
814 2623 1015 2665 redderet.
1082 2623 1281 2665 Dioscuri
1327 2629 1427 2666 sunt
1472 2626 1684 2680 principes

50 2683 224 2723 navium
255 2686 415 2725 tutores
446 2684 700 2738 propitiique
732 2683 1039 2736 navigantibus.
1103 2683 1170 2738 (cf.
1208 2683 1309 2726 Hor.
1350 2685 1411 2725 od.
1461 2685 1492 2727 I.
1527 2686 1603 2735 323
1651 2685 1683 2727 Ι.

54 2743 178 2793 12.29;
211 2741 284 2785 IV.
319 2744 415 2794 8323
450 2743 565 2797 epod.
602 2745 782 2794 17.42-43;
819 2742 936 2796 Prop.
972 2743 1002 2784 I.
1039 2744 1165 2794 17.13;
1200 2742 1284 2785 Cat.
1309 2756 1340 2785 c.
1359 2743 1431 2785 IV.
1464 2757 1522 2795 273
1554 2743 1683 2788 Rutil.

52 2800 196 2841 Claud.
242 2800 363 2843 Nam.
410 2802 440 2844 I.
477 2803 580 2843 155:
643 2802 802 2856 „pande
847 2815 995 2856 precor
1040 2803 1209 2856 gemino
1255 2803 1467 2858 placatum
1514 2802 1684 2845 Castore

50 2858 283 2914 pontum“.)
322 2859 405 2909 Qui
437 2862 780 2902 commendarent
810 2865 960 2902 nautas
1005 2861 1104 2902 Jovi
1135 2875 1221 2903 non
1251 2875 1423 2904 necesse
1455 2866 1554 2916 erat,
1585 2875 1683 2904 cum

51 2930 106 2959 ex
122 2931 198 2959 sua
214 2923 415 2973 potestate
430 2924 717 2976 tempestatem
729 2933 920 2961 serenam
935 2921 1237 2962 redderentaut
1252 2922 1476 2963 turbidam.
1490 2921 1683 2964 Primum

53 2982 438 3019 commemorantur
483 2978 679 3021 Dioscuri
716 2983 940 3020 nautarum
973 2981 1137 3034 patroni
1182 2981 1226 3021 in
1273 2981 1398 3022 Hom.
1431 2982 1574 3034 hymn.
1607 2983 1681 3023 32;

51 3037 91 3080 οἱ
124 3039 163 3078 δ’
191 3038 277 3080 cino*
329 3056 446 3095 νηων
504 3040 736 3094 εὐχόμενοι
795 3043 1002 3084 καλέουσι
1065 3042 1176 3092 Διὸς
1233 3044 1421 3097 κούρους
1474 3044 1683 3097 μεγάλοιο

53 3095 259 3151 ἄρνεσσιν
277 3102 502 3141 λευκοῖσιν
532 3102 594 3141 ἐπ
596 3100 851 3157 ακρωτήρια
876 3103 1035 3155 βάντες
1053 3103 1275 3159 Πούμνης·
1314 3103 1390 3158 τήν
1421 3101 1622 3157 δ’ἇνεμός
1638 3121 1684 3146 τε
