1976 3294
964 178 1251 217 ,14-

312 320 463 359 amoris
510 319 668 371 pristini
714 317 865 370 gaudia
910 321 949 358 et
994 316 1225 370 voluptates
1271 314 1522 356 celebrantia
1565 327 1692 369 penes
1722 314 1914 357 Lesbiam

313 389 478 418 manere
524 375 662 427 nollet,
705 375 755 416 ab
802 387 848 415 ea
894 374 963 415 illa
1009 375 1248 428 repoposcit.
1311 372 1417 414 Cum
1461 376 1599 414 autem
1646 373 1798 414 mulier
1835 374 1913 415 ista

311 437 473 488 opinata
504 447 547 475 se
578 435 763 474 animum
795 438 936 486 poetae
982 432 1228 473 iracundum
1273 431 1458 472 artificiis
1503 430 1597 483 illis,
1644 430 1798 485 quibus
1828 436 1912 472 tam

311 504 431 546 saepe
467 496 627 546 poetam
666 491 745 532 sibi
776 490 1136 542 reconciliavisset,
1166 489 1284 530 facile
1301 489 1582 542 mitigaturam
1607 501 1698 530 esse
1729 490 1913 530 carmina

312 550 481 591 reddere
499 555 714 601 recusaret,
729 548 916 590 Catullus
929 548 1210 602 indignatione
1217 551 1257 588 et
1269 547 1698 589 iravehementissima
1710 547 1914 588 exardens

311 609 353 648 in
386 608 498 648 illam
530 606 809 648 c.XXXXII.
841 607 1081 660 composuit,
1115 619 1197 659 quo
1225 606 1408 646 carmine
1439 605 1628 646 acerbius
1658 606 1706 646 in·
1718 605 1910 647 Lesbiam

310 668 509 720 scriptum
527 667 567 705 in
590 665 691 706 libro
701 664 929 706 Catulliano
948 677 1028 705 non
1044 665 1232 718 reperias.
1256 663 1387 704 Paulo
1403 668 1623 717 postquam
1639 664 1778 704 animo
1792 664 1914 705 vehe-

313 725 441 765 menti
464 730 503 765 et
519 725 621 764 irato
647 722 834 764 Catullus
857 734 1020 763 carmen
1050 722 1153 762 illud
1170 721 1342 776 scripsit,
1379 723 1561 762 carmine
1581 725 1723 762 octavo
1752 721 1914 776 puellae

313 783 451 823 sedate
472 782 679 822 valedicit:
720 782 868 833 „miser
891 780 1061 833 Catulle,
1088 780 1252 821 desinas
1270 780 1485 834 ineptire!“
1518 779 1721 821 Valedicit
1744 779 1911 833 quidem

312 839 500 881 Catullus
530 838 710 891 Lesbiae,
742 839 812 880 sed
843 840 910 892 ita,
942 843 988 879 ut
1016 838 1135 879 facile
1165 838 1428 893 intellegatur
1451 837 1637 879 Lesbiam
1670 839 1793 879 etiam
1823 843 1915 879 tum

315 899 505 939 ardenter
520 911 543 938 a
559 904 676 951 poeta
692 898 819 937 amari
838 904 889 948 et,
919 898 953 938 si
970 909 1017 938 ea
1032 896 1156 937 fidem
1173 909 1217 938 se
1233 895 1424 950 religiose
1443 901 1700 937 servaturam
1718 908 1807 938 esse
1822 909 1916 950 pro-

314 957 503 1007 mitteret,
520 955 725 996 Catullum
743 956 1048 1009 paratissimum
1065 954 1152 995 fore
1167 955 1219 995 ad
1241 967 1425 995 amorem
1435 954 1812 1008 redintegrandum.
1850 954 1914 995 De

314 1015 439 1055 huius
449 1015 643 1054 carminis
657 1014 813 1054 ratione
826 1013 969 1054 afferre
977 1013 1096 1054 liceat
1108 1025 1156 1054 ea
1166 1025 1272 1066 quae
1282 1012 1492 1066 Hauptius
1505 1013 1549 1053 in
1557 1012 1915 1054 observationibus

315 1074 470 1113 criticis
501 1072 688 1126 protulit:
722 1073 787 1124 „iu
819 1072 896 1112 hoc
927 1071 1167 1112 dulcissimo
1198 1072 1381 1112 carmine
1412 1071 1511 1112 dum
1544 1083 1588 1112 se
1618 1076 1784 1111 revocat
1797 1076 1916 1125 poeta

315 1143 340 1170 a
371 1132 519 1171 misero
552 1142 690 1170 amore
736 1142 818 1170 non
865 1134 1000 1170 tamen
1048 1141 1213 1170 omnem
1260 1142 1375 1183 spem
1421 1129 1676 1182 reciperandi
1723 1141 1771 1169 ea
1808 1141 1915 1183 quae

315 1190 526 1242 perierunt
556 1189 611 1228 ita
642 1187 789 1228 abiecit
819 1193 865 1228 ut
910 1188 1106 1228 abiecisse
1139 1187 1267 1228 videri
1299 1187 1399 1240 vult,
1437 1199 1513 1228 nec
1543 1191 1681 1228 tamen
1713 1186 1917 1228 obstinata

316 1252 453 1287 mente
484 1246 658 1286 obdurat
690 1259 816 1299 quam
847 1246 898 1286 de
929 1258 972 1286 se
1003 1245 1218 1299 praedicat.
1265 1244 1402 1294 Quare
1431 1245 1591 1286 multus
1607 1250 1669 1286 est
1699 1246 1742 1285 in
1765 1245 1917 1286 descri-

316 1304 448 1345 benda
479 1304 643 1345 relictae
674 1317 697 1344 a
728 1316 772 1345 se
802 1304 963 1358 puellae
985 1304 1206 1345 solitudine
1229 1307 1354 1358 atque
1378 1305 1421 1344 in
1437 1303 1521 1344 fine
1537 1304 1733 1344 carminis
1766 1304 1915 1344 iterum

315 1375 406 1404 sese
436 1367 482 1403 ut
513 1362 687 1403 obduret
717 1362 990 1403 adhortatur.“

456 1420 508 1461 Et
552 1420 731 1474 profecto
768 1421 1143 1461 reconciliationem
1174 1421 1283 1461 inter
1327 1423 1514 1461 amantes
1561 1432 1652 1461 esse
1693 1419 1915 1474 perfectam

314 1479 683 1519 animadvertimus
714 1479 896 1519 carmine
928 1480 1109 1519 maxime
1139 1477 1278 1532 CVII,
1310 1478 1422 1532 quod
1451 1477 1604 1532 gaudio
1635 1477 1805 1519 Lesbiae
1836 1478 1916 1519 sibi

317 1538 528 1578 restitutae
558 1538 710 1578 recenti
742 1542 902 1591 poetam
935 1538 1123 1591 sripsisse
1153 1540 1280 1591 patet:
1322 1550 1326 1554 ’

593 1603 722 1637 „quare
746 1594 813 1628 hoc
837 1596 890 1628 est
914 1601 1051 1638 gratum
1075 1593 1173 1628 nobis
1197 1603 1343 1637 quoque,
1370 1592 1487 1628 carius
1510 1603 1594 1628 auro

595 1640 685 1683 quod
710 1643 744 1674 te
768 1639 934 1683 restituis,
960 1639 1096 1683 Lesbia,
1122 1640 1171 1674 mi
1196 1640 1334 1684 cupido,

593 1687 748 1721 restituis
773 1687 898 1730 cupido
921 1688 1024 1730 atque
1047 1686 1238 1730 insperanti
1260 1686 1338 1731 ipsa
1360 1685 1467 1721 refers
1491 1687 1525 1720 te

594 1733 702 1768 nobis.
751 1732 779 1767 Ο
803 1733 919 1768 lucem
945 1733 1144 1768 candidiore
1168 1734 1263 1768 nota!

595 1780 673 1822 qm's
698 1790 753 1814 me
777 1790 846 1814 uno
870 1780 960 1814 vivit
984 1779 1128 1822 felicior,
1153 1782 1214 1814 aut
1237 1779 1350 1823 magis
1375 1779 1443 1814 hac
1467 1788 1523 1813 res

594 1826 759 1869 optandas
783 1827 857 1861 vita
880 1826 998 1865 dicere
1022 1826 1101 1870 quis
1125 1826 1289 1870 poterit!“
1313 1845 1357 1850 —-

456 1872 508 1913 Et
539 1874 660 1926 paulo
677 1878 768 1928 post
785 1887 864 1914 non
884 1875 973 1914 sine
1003 1873 1150 1915 acerba
1178 1873 1356 1927 quadam
1378 1873 1492 1914 illius
1503 1871 1698 1926 perfidiae
1715 1875 1915 1914 memoria

298 1937 366 1983 ,ut
397 1932 586 1984 persistat
616 1933 658 1972 in
690 1932 770 1973 fide
800 1932 993 1973 admonet
1022 1931 1199 1986 puellam
1233 1944 1265 1972 c.
1297 1925 1414 1972 CIX:

597 1988 830 2031 „Jucundum,
856 1999 935 2023 mea
958 1989 1041 2032 vita,
1066 1988 1155 2022 mihi
1179 1989 1338 2032 proponis
1362 1998 1515 2023 amorem

596 2034 689 2070 hunc
713 2038 866 2069 nostrum
891 2035 982 2069 inter
1005 2045 1065 2070 nos
1090 2038 1362 2079 perpetuumque
1385 2035 1468 2070 fore.
1517 2057 1520 2060 ·

597 2081 634 2115 di
662 2082 786 2125 magni,
812 2082 916 2116 facite
941 2084 981 2116 ut
1004 2092 1085 2116 vere
1109 2082 1309 2125 promittere
1333 2081 1441 2125 possit

594 2130 696 2171 atque
721 2128 758 2162 id
781 2128 915 2163 sincere
941 2129 1035 2163 dicat
1059 2130 1093 2162 et
1109 2138 1153 2163 ex
1177 2128 1333 2163 animo!“

457 2174 543 2215 Nec
573 2188 671 2216 vero
709 2175 815 2216 soles
845 2176 905 2216 illi
936 2176 1112 2228 candidi,
1153 2188 1259 2229 quos
1289 2177 1330 2216 in
1369 2177 1553 2217 carmine
1584 2179 1729 2216 octavo
1760 2175 1919 2229 praedi-

319 2240 492 2283 caverat,
523 2234 658 2274 denuo
690 2235 823 2274 exorti
839 2239 938 2275 sunt
968 2246 1043 2274 nec
1064 2234 1271 2274 fortunam
1289 2234 1361 2274 diu
1375 2234 1647 2275 desideratam
1663 2234 1920 2288 reciperavit.

318 2289 462 2330 Lesbia
493 2292 603 2331 enim
634 2304 730 2332 cum
761 2293 1016 2345 promisisset
1045 2296 1258 2333 aeternum
1290 2297 1392 2332 tunc
1421 2292 1612 2333 futurum
1629 2304 1719 2333 esse
1733 2304 1917 2333 amorem

318 2348 359 2387 id
392 2361 470 2388 non
511 2350 669 2390 sincere
705 2362 842 2403 neque
879 2363 931 2390 ex
968 2351 1106 2390 animo
1143 2350 1322 2404 pollicita
1360 2354 1457 2392 erat.
1525 2350 1650 2392 Brevi
1686 2351 1796 2391 enim
1829 2351 1918 2403 Jam

319 2419 400 2446 non
445 2419 528 2447 uno
571 2412 642 2448 aut
689 2407 815 2448 altero
864 2409 1032 2449 moecho
1079 2412 1270 2449 contenta
1319 2408 1513 2450 omnibus
1556 2409 1726 2463 vulgare
1768 2421 1919 2462 corpus

319 2465 458 2517 coepit.
493 2466 629 2518 Atque
660 2479 806 2519 parum
840 2467 1007 2520 quidem
1040 2468 1209 2508 interest
1239 2468 1345 2508 scire
1376 2480 1459 2521 qua
1490 2468 1596 2508 serie
1617 2472 1742 2520 atque
1773 2467 1918 2507 ordine

320 2525 436 2561 novis
483 2523 561 2562 illis
592 2526 798 2573 vacaverit
840 2524 1063 2576 amoribus,
1100 2525 1264 2566 videtur
1308 2530 1446 2566 tamen
1493 2516 1652 2566 Gellius
1698 2526 1917 2579 praecipue

320 2578 467 2619 Catulli
498 2580 684 2621 turbasse
715 2595 909 2635 amorem,
939 2583 987 2624 cf.
1019 2595 1051 2623 c.
1083 2582 1182 2624 XCI
1254 2582 1371 2624 Certe
1414 2584 1456 2624 in
1502 2583 1684 2624 Gellium
1727 2584 1915 2624 omnium

319 2636 575 2678 aemulorum
623 2639 810 2691 plurimis
856 2646 895 2681 et
937 2641 1310 2682 vehementissimis
1355 2640 1610 2682 carminibus
1655 2666 1708 2671 -
1761 2646 1916 2695 septem

320 2700 418 2735 sunt
448 2708 620 2736 numero
653 2721 707 2727 —
739 2702 855 2750 poeta
885 2698 1104 2739 invehitur.
1167 2698 1384 2740 Praeterea
1406 2699 1630 2752 Egnatium
1662 2697 1917 2740 carminibus

320 2751 545 2793 XXXVII.
606 2759 646 2794 et
676 2753 896 2799 XXXIX..
926 2755 1130 2796 Ravidum
1164 2769 1196 2798 c.
1214 2756 1415 2810 XXXX„
1445 2757 1641 2799 Lesbium
1656 2755 1918 2809 c.LXXIX.,

320 2808 535 2858 Quintium
567 2824 598 2852 c.
632 2810 850 2853 LXXXII.
883 2819 928 2855 ut
959 2813 1127 2854 Lesbiae
1158 2815 1366 2856 adulteros
1396 2816 1643 2870 insequitur.
1688 2815 1915 2870 Postquam

319 2879 416 2908 vero
449 2868 634 2910 Lesbiam
666 2883 689 2910 a
721 2871 803 2910 vita
831 2872 1039 2925 impudica
1085 2885 1166 2912 non
1213 2873 1408 2914 desistere
1447 2878 1488 2915 et
1519 2886 1684 2921 omnem
1716 2886 1840 2915 suum
1872 2874 1915 2913 in

319 2926 410 2966 eius
441 2926 621 2968 moechis
652 2928 944 2982 impugnandis
977 2929 1154 2970 laborem
1187 2930 1339 2972 frustra
1356 2944 1445 2972 esse
1462 2931 1918 2986 susceptumintellexit

320 2982 507 3025 Catullus
537 2985 702 3026 tandem
733 2987 877 3027 amicis
908 2987 1227 3029 admonentibus
1263 3001 1354 3029 eam
1386 2989 1579 3031 deseruit.
1640 2988 1759 3038 Quod
1791 3000 1918 3042 quam

319 3054 439 3094 aegre
469 3043 609 3084 fecerit
641 3048 679 3084 et
712 3050 965 3098 quantopere
982 3046 1127 3086 intimo
1144 3047 1234 3087 eius
1250 3047 1363 3088 cordi
1381 3047 1569 3089 mulieris
1585 3047 1919 3100 corruptissimae
