1976 3294
756 228 809 232 --—
874 204 923 242 51
993 228 1045 232 —

84 346 132 387 A.
170 345 352 386 Weisius
385 358 483 387 vero
517 345 697 399 „aufert“
746 358 860 397 voce,
908 357 1015 399 quae
1061 345 1103 385 in
1152 344 1270 385 libris
1317 343 1568 394 inveniatur,
1614 339 1718 382 nihil

82 405 308 460 significari
343 406 419 446 nisi
454 405 616 459 „aufer“
649 406 738 461 sive
769 405 1026 459 ‚,auferatur“
1059 408 1176 446 ratus
1210 404 1448 456 assentitur,
1485 401 1647 455 Silligio
1679 403 1720 441 et

82 463 323 518 Doeringio,
361 465 433 519 qui
472 465 551 506 hoc
587 468 723 506 totum
761 465 968 506 distichon
1001 463 1076 518 „ob
1114 465 1290 505 nimiam
1329 464 1420 504 eius
1456 462 1718 503 ieiunitatem

82 524 133 566 ab
165 525 335 566 homine
367 524 550 579 quodam
581 525 709 566 nimis
726 524 871 566 sedulo
902 524 1138 566 intrusum“
1171 536 1261 566 esse
1278 526 1436 578 putant.
1470 547 1526 551 -—
1559 520 1718 562 Mirum

81 585 126 626 in
158 584 329 626 modum
363 583 579 626 Vahlenus
612 584 709 625 huic
739 584 830 625 loco
862 584 1020 626 mederi
1053 587 1236 625 conatur.
1297 581 1378 632 Qui
1411 595 1508 623 cum
1540 581 1719 622 coniciat

81 657 191 698 eum,
224 645 297 699 qui
328 647 483 685 terram
516 643 585 685 det
616 649 656 685 et
672 644 842 697 auferat,
873 643 1025 685 Jovem
1042 643 1269 696 significari
1287 655 1425 684 unum
1443 641 1716 696 depravatum

81 703 167 758 „et“
198 704 242 744 in
274 704 410 759 primo
441 716 567 745 versu
599 704 782 758 positum
813 704 857 744 in
890 703 1039 758 „dum“
1071 704 1224 744 mutari
1265 707 1305 744 et
1334 705 1470 744 totum
1509 700 1716 742 distichon

83 763 134 805 de
179 762 287 805 Jove
332 763 519 817 intellegi
564 763 664 805 vult.
757 762 908 805 Jovem
956 767 1096 804 autem
1142 764 1201 804 ita
1247 762 1456 817 designari
1483 772 1624 816 ‘posse
1670 763 1717 801 ut

79 826 255 865 testetur
284 823 510 864 Horatium
542 822 760 864 Vahlenus
792 823 843 864 ad
874 827 1013 878 partes
1043 827 1183 864 vocat:
1234 835 1267 864 0.
1299 822 1331 864 Ι.
1368 823 1492 863 11.14;
1540 819 1716 875 „melius

84 883 292 938 quidquid
324 883 403 924 erit
426 884 529 938 pati,
562 895 633 924 seu
667 883 809 938 plures
825 883 985 924 hiemes
1017 895 1091 925 seu
1107 882 1256 924 tn'buit
1269 882 1464 936 Juppiter
1479 879 1714 931 ultimam“;

80 955 113 984 0.
146 942 199 985 II.
237 943 360 995 10.15;
409 955 441 985 0.
489 942 565 984 ΙΙΙ.
615 944 712 995 4.45;
761 955 900 997 neque
930 944 1080 984 inscite
1110 941 1264 984 «Iovem
1307 942 1388 983 dici
1420 953 1530 995 eum,
1573 953 1598 980 a
1630 952 1714 994 quo

78 1004 217 1056 primo
265 1003 406 1044 omnia
439 1005 535 1043 nata
582 1003 677 1056 sint,
708 1002 881 1044 Pindari
903 1004 930 1053 1)
978 1004 1185 1044 sententia
1215 1002 1340 1044 allata
1369 1000 1532 1056 probatt
1566 999 1715 1055 ὄλβιος

77 1057 200 1108 ὅστις
228 1057 338 1100 ἰδών
368 1060 513 1101 ἐκεῖνα
543 1059 694 1100 κοίλαν
726 1055 838 1101 εἶσιν
857 1058 940 1100 ὑπὸ
956 1059 1117 1113 χθόνα·
1139 1055 1256 1101 οἶδεν
1272 1059 1354 1111 μὲν
1373 1057 1470 1110 βιόυ
1491 1056 1713 1108 τελευτὰν,

82 1110 200 1156 οἶδεν
229 1114 278 1155 δὲ
308 1113 540 1156 διόσδοτον
570 1114 726 1168 ἀρχάν.
786 1116 878 1167 Qua
908 1117 1188 1172 disputatione
1218 1116 1437 1158 Vahlenus
1466 1116 1568 1157 mihi
1601 1116 1713 1158 haud

75 1178 326 1232 persuadere
356 1179 502 1232 potuit.
535 1177 727 1219 Primum
759 1179 871 1219 enim
888 1177 1094 1233 Juppiter,
1127 1178 1201 1232 qui
1230 1177 1361 1218 finem
1391 1177 1502 1217 vitae
1534 1176 1714 1218 destinat
1775 1217 1779 1221 .

82 1237 338 1292 hominibus,
354 1239 430 1278 vix
446 1238 528 1279 dici
545 1241 680 1292 potest
696 1241 850 1279 terram
859 1238 919 1279 eis
928 1237 1102 1291 auferre,
1118 1241 1229 1279 terra
1243 1249 1477 1290 numquam
1494 1235 1537 1276 id
1553 1236 1712 1290 signifi-

78 1302 145 1339 cat
162 1293 273 1352 quod
290 1299 387 1339 vita.
402 1296 564 1339 Deinde
582 1311 681 1338 num
704 1298 1013 1352 haectemporis
1030 1297 1216 1338 definitio
1237 1297 1378 1338 omnia
1394 1296 1493 1336 huic
1511 1295 1601 1337 loco
1617 1296 1713 1350 apta

77 1358 131 1398 sit
161 1370 415 1412 magnopere
447 1357 604 1398 dubito.
667 1356 787 1399 Certe
829 1370 916 1398 non
947 1355 1097 1399 mediis
1132 1357 1242 1398 votis
1273 1355 1496 1397 inserenda
1533 1358 1608 1409 est,
1638 1356 1712 1397 sed

81 1419 268 1458 extremo
308 1417 565 1470 subicienda,
607 1430 690 1471 quo
727 1417 946 1458 transferri
982 1419 1149 1459 vetatur
1181 1417 1388 1458 sententia
1425 1428 1575 1457 versus
1615 1416 1710 1458 160.

74 1475 271 1532 Denique
301 1477 345 1517 id
378 1489 549 1531 quoque
566 1478 769 1518 momenti
801 1480 874 1530 est,
908 1477 1020 1531 quod
1037 1480 1158 1531 poeta
1188 1489 1275 1518 non
1299 1472 1710 1530 solum'hominibus,

74 1536 147 1577 sed
179 1537 302 1577 etiam
337 1536 482 1578 domui
496 1536 739 1578 felicitatem
751 1540 957 1591 precatur.
1006 1536 1186 1579 Causam
1204 1540 1359 1589 autem,
1391 1548 1475 1590 qua
1494 1534 1731 1595 Vahlenus·

82 1595 134 1636 ad
178 1608 268 1637 eam
309 1597 592 1638 coniecturam
637 1596 844 1638 adductus
891 1600 965 1650 est,
1010 1598 1095 1638 iam
1142 1609 1270 1651 supra
1315 1595 1607 1637 refutavimus.
1653 1619 1708 1625 -—

76 1655 282 1697 Perverse
315 1657 389 1710 qui
418 1669 554 1711 nuper
575 1655 727 1698 Catulli
751 1657 946 1708 *carmina
978 1656 1107 1698 edidit
1136 1656 1184 1699 B.
1216 1655 1474 1709 Schmidtius
1510 1655 1709 1697 maritum

76 1714 270 1757 dominae
288 1715 389 1756 Allii
420 1716 488 1757 hic
507 1716 736 1770 significari
767 1716 1016 1771 suspicatur,
1049 1717 1135 1771 qui,
1168 1716 1281 1771 quod
1313 1715 1364 1756 ad
1395 1715 1438 1756 id
1460 1716 1708 1770 permiserit,

73 1775 157 1815 iam
190 1776 431 1830 permittere
462 1776 643 1830 amplius
659 1776 776 1831 nolit,
808 1776 966 1818 scilicet
996 1780 1044 1817 ut
1075 1776 1215 1818 Allius
1247 1775 1358 1830 apud
1375 1787 1554 1817 uxorem
1587 1788 1708 1818 suam

75 1847 173 1875 cum
220 1835 355 1876 amica
398 1837 630 1878 conveniat.
699 1835 828 1877 Putat
875 1837 989 1878 enim
1036 1836 1294 1878 Schmidtius
1331 1835 1494 1876 Allium
1538 1847 1708 1890 quoque

73 1907 171 1935 cum
203 1898 335 1949 nupta
366 1894 551 1943 muliere,
584 1899 624 1936 et
654 1895 797 1949 nobili,
837 1907 1022 1950 quacum
1060 1896 1141 1937 alio
1178 1896 1269 1937 loco
1313 1894 1444 1936 libere
1481 1897 1708 1938 convenire

73 1966 158 1995 non
190 1953 324 2009 liceat,
357 1955 710 1996 consuetudinem
750 1955 920 2008 habere3
961 1969 1060 1997 cum
1098 1958 1239 1997 autem
1278 1954 1705 2010 „periculosissimum

73 2013 202 2055 fuerit
231 2014 424 2055 'domum
471 2027 592 2055 suam
638 2015 793 2056 talibus
840 2015 1136 2070 congressibus
1181 2014 1382 2071 praebere
1429 2014 1608 2069 (confert
1651 2016 1707 2070 id,

74 2073 187 2127 quod
218 2087 242 2115 a
272 2074 414 2115 Tacito
446 2074 581 2118 annal.
614 2074 690 2116 XI.
724 2077 751 2116 4
783 2074 977 2129 traditur)
1014 2076 1170 2117 furtivo
1208 2075 1278 2116 illo
1318 2071 1569 2116 commercio
1599 2075 1706 2117 forte

71 2132 209 2189 palam
240 2133 349 2174 facto
380 2134 621 2189 impellente
652 2135 814 2176 Allium
849 2136 1037 2177 minante
1067 2135 1179 2177 laeso
1211 2135 1361 2176 marito
1405 2134 1456 2175 ab
1489 2147 1538 2175 ea
1568 2134 1706 2189 domo,

71 2191 155 2233 ubi·
177 2193 228 2233 ad
259 2193 302 2234 id
334 2196 501 2248 tempus
538 2207 681 2235 amore
721 2207 797 2236 suo
835 2194 990 2236 fruitus
1035 2198 1134 2248 erat,
1172 2194 1395 2236 exclusum
1440 2194 1573 2237 esse“!
1636 2195 1705 2237 Sic

72 2251 340 2294 scribendum
372 2266 463 2295 esse
495 2255 660 2295 censuit
690 2253 736 2295 B.
755 2253 1030 2296 Schmidtius:
1064 2253 1142 2308 „Et
1168 2255 1255 2309 qui,
1288 2267 1415 2309 quam
1432 2255 1568 2308 primo
1583 2255 1704 2297 nobis

70 2314 226 2353 terram
257 2312 382 2365 dedit,
413 2312 585 2355 aufert“.
647 2313 824 2369 Perapte
856 2318 997 2357 autem
1029 2310 1113 2356 dici
1133 2314 1302 2356 videtur
1332 2313 1562 2356 Schmidtio
1593 2319 1704 2357 terra

74 2370 173 2411 olim
206 2371 301 2412 data
347 2372 503 2413 auferri
541 2374 612 2425 eis,
656 2373 811 2427 quibus
847 2375 955 2416 facta
992 2374 1043 2415 ab
1081 2375 1216 2415 amico
1258 2374 1375 2428 copia
1416 2387 1513 2415 cum
1552 2375 1703 2429 puellis

70 2431 219 2471 amatis
251 2432 529 2473 conveniendi
546 2432 685 2474 subito
718 2433 967 2486 detrahitur3
1001 2434 1222 2476 adhibetur
1238 2433 1516 2476 Plautmerc.
1535 2448 1573 2475 v,
1594 2436 1700 2477 197:

70 2489 290 2543 „equidem
322 2503 390 2532 me
406 2491 489 2535 iani
524 2492 745 2533 censebam
763 2506 853 2535 esse
870 2495 913 2534 in
945 2498 1056 2535 terra
1072 2497 1198 2548 atque
1228 2495 1376 2534 intuto
1408 2494 1524 2535 locoz'
1551 2507 1702 2536 verum

72 2549 194 2590 video
225 2562 292 2591 me
323 2551 477 2592 iterum
510 2551 561 2592 ad
592 2564 695 2593 saxa
725 2552 824 2594 ferri
857 2554 992 2595 saevis
1022 2553 1256 2596 fluetibus.“
1317 2553 1398 2595 Sed
1430 2558 1471 2595 et
1500 2554 1580 2595 hoc
1610 2555 1700 2596 loco

71 2612 112 2649 et
149 2608 346 2651 omnibus
387 2610 597 2652 similibus
635 2611 738 2653 locis
776 2612 888 2667 (Son.
927 2614 1054 2668 epigr.
1096 2615 1200 2665 1543
1225 2611 1314 2654 .Ov.
1355 2626 1408 2654 ex
1445 2612 1491 2656 P.
1530 2614 1562 2655 Ι.
1601 2615 1698 2667 2.60;

68 2667 166 2709 ibid.
199 2668 252 2710 II.
285 2667 374 2723 92.)
406 2673 583 2723 „terram
617 2671 738 2712 dare“
771 2672 821 2714 de
853 2673 1012 2714 auxilio
1044 2686 1130 2714 non
1162 2673 1245 2714 nisi
1268 2671 1482 2727 naufragis
1513 2673 1699 2728 praebito

69 2721 232 2771 dicitur.
310 2727 531 2772 Praeterea
583 2734 724 2772 autem
776 2733 984 2787 interrogo
1038 2733 1133 2774 hoc:
1198 2731 1439 2788 Quisnam}
1457 2733 1608 2775 docuit>
1651 2734 1698 2775 B.

69 2785 348 2829 Schmidtium
380 2788 473 2831 illas
504 2802 572 2831 res
603 2791 758 2832 miras?
792 2815 847 2821 —
879 2791 995 2834 Num
1013 2789 1242 2847 quicquam
1274 2805 1421 2834 eorum
1443 2806 1550 2847 quae
1582 2794 1699 2835 affert

68 2845 138 2900 (de
170 2846 275 2887 Allii
307 2847 459 2903 amata)
506 2850 549 2890 in
583 2849 735 2892 Catulli
779 2851 886 2893 libro
932 2851 1114 2906 legitur?
1177 2851 1297 2894 Certe
1338 2853 1428 2907 ipse
1472 2852 1607 2896 finxit.
1641 2878 1696 2885 ω-

67 2903 212 2946 Restat
250 2911 298 2947 ut
341 2906 392 2948 de
438 2907 698 2951 coniectura'
722 2924 850 2965 quam
897 2911 1166 2965 Schoelliusl)
1212 2911 1383 2967 praebet
1429 2912 1695 2957 disseramus.

67 2963 260 3006 Primum
301 2965 534 3010 Schoellius
573 2969 674 3010 dicit
713 2971 914 3024 „terram“
951 2984 1099 3013 vocem
1138 2971 1383 3013 mutandam
1422 2984 1523 3027 esse,
1563 2986 1695 3027 quum

66 3023 146 3065 hoc
184 3024 274 3066 loco
314 3038 367 3066 ex
399 3027 742 3072 similitudine'c.
783 3027 935 3074 LXVI.
974 3045 1012 3073 v,
1051 3032 1123 3073 49:
1165 3035 1228 3084 „et
1267 3032 1339 3086 qui
1376 3033 1579 3087 principio
1617 3032 1694 3074 sub

184 3153 210 3198 ¹)
236 3153 298 3198 frg.
333 3157 406 3198 102,
433 3156 487 3190 cd.
516 3156 685 3201 Bugkius.
736 3158 766 3198 ²)
792 3158 1004 3203 Fleckeisen.
1033 3171 1110 3196 ann.
1142 3165 1240 3198 1880.
1268 3174 1299 3197 v.
1333 3167 1407 3199 121.
1435 3175 1465 3209 p.
1496 3168 1574 3201 478.
