1976 3294
738 118 1030 157 —13--

215 262 297 304 Sed
330 261 525 316 quamvis
555 260 706 302 Lesbia
751 263 905 314 peccet,
952 258 1103 300 Catulli
1150 270 1268 299 amor
1315 255 1600 298 vehementior
1632 257 1708 307 est,

72 335 200 377 quam
251 325 296 362 ut
344 321 544 375 perfidam
599 320 788 361 celeriter
843 319 1035 360 deserere
1088 319 1228 372 possit.
1259 370 1264 377 Ι
1296 316 1433 357 Immo
1480 313 1703 356 mulierem

71 385 253 422 amatam
286 394 319 421 c.
353 380 467 422 CIV:
515 379 674 433 „credis
719 391 788 420 me
833 379 1020 433 potuisse
1051 390 1170 419 meae
1200 376 1449 418 maledicere
1480 375 1590 415 vitae
1622 371 1702 402 -—“

71 446 216 482 contra
249 440 460 494 quendam
493 439 688 492 defendit,
740 439 815 493 qui
860 438 989 479 verbo
1027 437 1169 491 aliquo
1202 435 1395 478 Lesbiam
1427 435 1707 488 vituperante,

73 500 186 554 quod
219 499 337 540 dolor
366 503 520 554 poetae·
543 502 798 550 excusserat,
830 497 988 538 abusus
1020 496 1193 537 Lesbiae
1211 495 1425 537 Catullum
1456 493 1706 534 maledicere

72 559 281 613 narrabat,
312 562 353 600 et
370 559 563 613 quamvis
595 562 761 612 poetam
791 557 1156 611 impudentissime
1187 554 1383 596 fraudare
1415 557 1607 608 pergeret
1622 551 1708 604 illa,

74 620 141 660 liic
172 632 196 659 a
227 625 272 660 se·
302 619 524 673 impetrare
564 617 755 658 nondum
793 618 939 670 potuit,
971 621 1019 657 ut
1049 616 1182 656 amori
1222 615 1294 666 illi,
1336 614 1410 668 qui
1454 626 1501 666 „a
1533 623 1706 665 corpore

74 677 342 733 proficiscens
373 677 424 718 ad
457 689 608 731 corpus
625 676 822 721 redibat“,
852 676 1013 725 fortiter
1030 676 1252 717 resisteret.
1284 672 1322 715 N
1327 687 1395 714 am
1411 674 1455 713 in
1474 685 1504 714 c.
1523 670 1704 713 LXXII.

73 742 195 792 poeta
225 750 372 778 eorum
402 749 575 789 memor,
609 748 716 790 quae
762 735 911 777 Lesbia
959 740 1046 776 erat
1090 735 1276 786 mentita,
1322 746 1459 774 unum
1492 730 1708 773 Catullum

76 810 120 838 se
151 809 292 838 amare
322 808 400 837 nec
430 808 541 850 prae·
561 808 608 836 eo
625 795 724 836 Jovi
740 795 901 845 nubere
917 795 1055 847 malle,
1086 806 1248 835 memor
1265 794 1419 833 amoris
1435 790 1716 840 incredibilis,

74 869 201 911 quem
230 857 275 896 in
306 855 501 897 Lesbiam
531 854 785 908 profuderat,
817 867 956 909 „nunc
987 855 1139 908 inquit,
1169 858 1209 894 te
1241 853 1432 906 cognovi,
1465 863 1595 905 quare
1628 849 1706 890 etsi

74 916 306 970 impensius
338 927 450 966 uror,
481 914 720 955 multowmi
751 917 893 954 tamen
941 926 984 955 es
1031 913 1155 954 vilior
1193 916 1233 953 et
1263 912 1405 954 levior.
1469 909 1551 959 Qui
1598 910 1706 964 potis

75 975 163 1016 est?
194 975 350 1028 inquis.
413 974 525 1028 quod
558 978 773 1014 amantem>
815 974 972 1014 iniuria
1017 973 1112 1014 talis
1144 973 1254 1026 cogit
1285 983 1425 1012 amare
1456 970 1604 1024 magis,
1636 968 1708 1009 sed

75 1034 181 1075 bene
218 1033 326 1075 velle
356 1034 533 1075 minus“.
590 1033 763 1083 Similes
811 1037 987 1087 questus
1029 1036 1151 1087 poeta
1197 1045 1230 1073 c.
1279 1029 1547 1083 LXXXVII,
1595 1028 1708 1084 quod

77 1094 224 1135 eodem
257 1106 341 1147 quo
372 1093 477 1134 illud
500 1094 706 1147 tempore·
728 1093 931 1147 scriptum
964 1096 1037 1145 est,
1067 1091 1257 1146 protulit:
1686 1096 1688 1099 '

409 1162 531 1207 „nulla
554 1166 667 1207 potest
691 1162 820 1197 mulier
843 1165 982 1197 tantum
1006 1173 1043 1197 se
1068 1162 1186 1197 dicere
1212 1162 1366 1196 amatam

409 1221 503 1253 vere,
531 1212 701 1254 quantum
727 1221 748 1245 a
771 1221 828 1244 me
854 1210 982 1245 Lesbia
1006 1212 1124 1245 amata
1148 1208 1266 1243 mea’s.

411 1257 507 1292 nulla
530 1258 619 1292 fides
643 1258 740 1292 nulla
763 1258 832 1293 fuit
855 1268 1025 1302 umquam
1050 1257 1190 1292 foedere
1214 1258 1323 1298 tanta,

411 1307 541 1350 quanta.
564 1306 601 1339 in
627 1316 745 1340 amore
770 1308 830 1341 tuo
855 1316 901 1340 ex
925 1308 1022 1350 parte
1047 1307 1186 1349 reperta.
1210 1303 1368 1339 mea’st“.

220 1365 413 1415 Quocum
467 1367 651 1407 carmine
701 1368 781 1407 viri
831 1367 941 1407 docti
988 1368 1143 1420 optimo
1187 1366 1281 1406 iure
1329 1377 1497 1407 carmen
1544 1363 1712 1405 LXXV

80 1427 412 1467 coniunxerunt:

365 1495 481 1527 „nunc
507 1485 561 1518 est
585 1494 684 1518 mens
709 1483 857 1519 diducta
881 1485 952 1528 tua,
979 1494 1060 1519 mea
1084 1483 1221 1527 Lesbia,
1250 1479 1363 1527 culpa,

366 1534 470 1576 atque
495 1531 554 1566 ita·
570 1541 607 1566 se
633 1531 749 1566 officio
773 1532 928 1576 perdidit
949 1531 1027 1576 ipsa.
1051 1542 1125 1575 suo,

366 1581 405 1613 ut
429 1579 499 1613 iam
527 1590 592 1614 nec
616 1579 704 1613 bene
732 1579 820 1614 velle
845 1581 951 1624 queat
974 1579 1051 1620 tibi,
1078 1579 1108 1613 si
1134 1578 1266 1623 optima
1290 1578 1368 1622 fias,

366 1637 430 1661 nec
456 1626 625 1661 desistere
650 1637 780 1670 amare,
807 1627 926 1662 omnia
950 1628 982 1661 si
1006 1627 1153 1663 faeias“.
1192 1627 1195 1629 ’

222 1686 310 1728 Nec
356 1685 455 1728 vero
503 1687 641 1729 solum
685 1686 891 1741 Lesbiam,
945 1701 1052 1742 quae
1104 1687 1288 1728 absentis
1343 1687 1541 1727 amatoris
1589 1685 1716 1726 oblita

83 1746 185 1787 alios
231 1748 276 1787 in
322 1748 414 1787 eius
460 1746 602 1787 locum
649 1747 893 1800 adsciverat,
941 1748 1040 1788 satis
1076 1747 1235 1788 ‘acerbe
1282 1747 1537 1800 vituperavit
1582 1749 1718 1799 poeta,

84 1805 156 1847 sed
189 1807 314 1847 etiam
344 1807 388 1846 in
421 1806 609 1847 aemulos
651 1807 844 1848 invectus
889 1811 951 1848 est
989 1807 1368 1848 vehementissime.
1431 1805 1527 1846 Non
1571 1806 1717 1859 paucis

82 1864 235 1907 Catulli
266 1865 524 1906 carminibus
571 1866 739 1912 aemuli,
787 1879 894 1920 quos
941 1868 1024 1907 iam
1072 1866 1223 1906 abhinc
1269 1867 1313 1906 in
1359 1864 1535 1906 Lesbiae
1575 1877 1716 1905 amore

61 1928 69 1939 ’“
87 1924 245 1976 habuit,
277 1926 544 1978 exagitantur
575 1929 701 1980 atque
733 1930 954 1977 vexantur,
986 1926 1154 1966 nullum
1186 1929 1328 1966 autem
1361 1925 1716 1965 vehementiorem

85 1984 271 2025 dolorem
308 1997 406 2038 prae
439 1997 482 2026 se
518 1984 597 2025 fert
630 1999 759 2038 quam
791 1998 823 2027 c.
856 1984 1077 2026 LXXVII.
1141 1985 1254 2026 Vitio
1294 1986 1416 2025 datur
1453 1983 1563 2024 Rufo
1603 1983 1715 2038 quod

85 2044 267 2084 amicitia
299 2043 466 2092 Catulli,
496 2044 703 2097 simulata,
722 2046 874 2085 intima
904 2044 1095 2085 Lesbiam
1143 2058 1166 2084 a
1203 2051 1324 2098 poeta
1364 2043 1473 2084 clam
1505 2046 1545 2084 et
1576 2043 1718 2084 dolose

85 2102 382 2144 abalienaverit
429 2107 468 2144 et
498 2105 534 2144 is
583 2104 755 2157 quidem
802 2105 964 2158 primus
1012 2117 1109 2144 cum
1157 2104 1360 2157 eripiendi
1409 2102 1587 2144 verbum
1634 2115 1718 2143 non

84 2163 215 2216 possit
260 2162 448 2203 adhiberi
496 2164 575 2204 nisi
614 2163 665 2203 de
697 2176 757 2217 eo,
808 2165 880 2218 qui
929 2164 1092 2218 primus
1134 2163 1309 2204 Lesbiae
1356 2175 1454 2216 erga
1506 2161 1719 2203 Catullum

85 2221 213 2262 fidem
243 2223 516 2276 temptaverit.
553 2248 607 2252 —
642 2221 747 2264 Odio
786 2229 827 2264 et
858 2235 1000 2264 amore
1038 2223 1122 2263 huc
1159 2227 1285 2276 atque
1316 2222 1419 2262 illuc
1450 2225 1568 2263 actus
1600 2226 1720 2276 poeta

87 2281 351 2321 miserrimus
382 2277 572 2322 nondum
619 2295 642 2322 a
674 2295 718 2323 se
749 2283 974 2336 impetrare
1017 2283 1153 2336 potuit
1198 2287 1247 2323 ut
1277 2281 1473 2322 Lesbiam
1512 2281 1721 2323 desereret

84 2342 130 2380 ‘et
161 2340 550 2393 epigramma-illud
582 2353 614 2382 c.
647 2340 887 2384 LXXXV:

443 2410 525 2454 „odi
550 2411 585 2444 et
610 2412 704 2445 amo!
731 2422 839 2455 quare
864 2411 901 2446 id
926 2411 1056 2446 faciam
1081 2411 1226 2446 fortasse
1251 2410 1415 2455 requiris.

445 2458 574 2492 nescio.
624 2459 687 2492 sed
712 2458 787 2493 fieri
813 2459 926 2493 sentio
951 2461 987 2493 et
1011 2459 1197 2494 excrucior
1219 2459 1288 2484 -—“

232 2517 428 2558 omnibus
459 2517 542 2558 illis
576 2519 847 2573 carminibus,
888 2532 995 2573 quae
1027 2518 1217 2560 Catullus
1255 2532 1329 2573 per
1359 2522 1526 2574 tempus
1557 2518 1721 2560 discidii

89 2576 198 2616 inter
214 2580 402 2618 amantes
419 2577 676 2632 ortiscripsit,
703 2579 1012 2632 quodammodo
1037 2579 1147 2622 tituli
1165 2579 1256 2619 loco
1279 2579 1478 2633 praeponi
1494 2581 1640 2633 potest,
1663 2602 1718 2608 —-

194 2677 197 2681 ,
229 2635 391 2677 Verum
422 2637 686 2679 iamidudum
719 2639 859 2679 omnia
899 2637 1135 2679 clamabant
1165 2637 1371 2692 Lesbiam,
1404 2642 1590 2679 scortum
1623 2637 1728 2690 vile,

98 2693 370 2736 deserendam
416 2708 506 2737 esse
552 2709 576 2737 a
614 2695 787 2740 Catullo.
849 2697 1034 2739 Tandem
1081 2698 1193 2738 enim
1241 2697 1467 2752 aliquando
1514 2697 1722 2738 intellexit

92 2757 225 2807 poeta,
268 2766 351 2808 quo
398 2755 556 2797 diutius
594 2768 691 2797 cum
731 2755 880 2798 Lesbia
925 2757 1205 2798 familiaritate
1253 2757 1435 2811 quadam
1468 2758 1722 2798 coniunctus

94 2815 213 2865 esset,
245 2825 292 2854 eo
324 2815 471 2855 maiori
501 2815 543 2855 id
577 2815 656 2856 sibi
686 2816 838 2870 probro
869 2816 1062 2858 futurum
1096 2829 1198 2870 esse,
1230 2821 1367 2870 atque,
1407 2817 1488 2857 nisi
1535 2828 1720 2857 amorem

94 2870 214 2912 illum
246 2872 449 2914 miserum
492 2874 716 2928 deponeret
752 2880 792 2917 et
838 2877 978 2916 omnia
1009 2875 1183 2917 Lesbiae
1213 2875 1385 2916 vincula
1431 2876 1722 2930 disrumperet,

95 2941 265 2971 necesse
294 2930 382 2972 fore
413 2936 460 2973 ut
490 2933 764 2986 ignominiam
813 2938 853 2976 et
895 2935 1113 2976 infamiam
1158 2936 1390 2976 maximam
1438 2936 1530 2976 sine
1561 2934 1723 2989 pudore

95 2994 136 3030 et
167 2989 308 3031 dolore
337 2990 445 3032 ferre
475 2991 747 3036 adsuesceret.
809 2994 917 3035 Tum
950 2994 1141 3036 Catullus
1185 2995 1375 3035 animum
1420 2996 1585 3048 erigens
1626 2993 1724 3035 Les-

97 3047 207 3089 biam
256 3049 446 3091 deserere
492 3051 601 3105 apud
646 3064 690 3093 se
730 3054 956 3106 constituit.
1019 3053 1225 3108 Primum,
1272 3066 1368 3095 cum
1417 3054 1604 3095 carmina
1650 3066 1728 3094 sua
