<?xml version="1.0" encoding="UTF-8"?>
<!DOCTYPE html PUBLIC "-//W3C//DTD XHTML 1.0 Transitional//EN"
    "http://www.w3.org/TR/xhtml1/DTD/xhtml1-transitional.dtd">
<html xmlns="http://www.w3.org/1999/xhtml" xml:lang="en" lang="en">
 <head>
  <title>
</title>
<meta http-equiv="Content-Type" content="text/html;charset=utf-8" />
  <meta name='ocr-system' content='tesseract 3.04.00' />
  <meta name='ocr-capabilities' content='ocr_page ocr_carea ocr_par ocr_line ocrx_word'/>
</head>
<body>
  <div class='ocr_page' id='page_1' title='image "./quaestionescatul00fennuoft_0022.png"; bbox 0 0 1976 3294; ppageno 0'>
   <div class='ocr_carea' id='block_1_1' title="bbox 981 168 1267 208">
    <p class='ocr_par' dir='ltr' id='par_1_1' title="bbox 981 168 1267 208">
     <span class='ocr_line' id='line_1_1' title="bbox 981 168 1267 208; baseline 0 -10"><span class='ocrx_word' id='word_1_1' title='bbox 981 168 1267 208; x_wconf 72' lang='lat'>—18—</span> 
     </span>
    </p>
   </div>
   <div class='ocr_carea' id='block_1_2' title="bbox 260 305 1928 2972">
    <p class='ocr_par' dir='ltr' id='par_1_2' title="bbox 260 305 1928 2972">
     <span class='ocr_line' id='line_1_2' title="bbox 324 305 1927 360; baseline -0.001 -12"><span class='ocrx_word' id='word_1_2' title='bbox 324 319 473 348; x_wconf 90' lang='lat' dir='ltr'>nomen</span> <span class='ocrx_word' id='word_1_3' title='bbox 491 306 654 347; x_wconf 78' lang='lat' dir='ltr'>Clodiae</span> <span class='ocrx_word' id='word_1_4' title='bbox 675 306 854 347; x_wconf 87' lang='lat' dir='ltr'>inditum</span> <span class='ocrx_word' id='word_1_5' title='bbox 877 318 966 348; x_wconf 91' lang='lat' dir='ltr'>esse</span> <span class='ocrx_word' id='word_1_6' title='bbox 988 309 1153 360; x_wconf 89' lang='lat' dir='ltr'>propter</span> <span class='ocrx_word' id='word_1_7' title='bbox 1169 305 1492 360; x_wconf 80' lang='lat' dir='ltr'>perditissimam</span> <span class='ocrx_word' id='word_1_8' title='bbox 1514 306 1605 347; x_wconf 91' lang='lat' dir='ltr'>eius</span> <span class='ocrx_word' id='word_1_9' title='bbox 1626 305 1927 360; x_wconf 79' lang='lat' dir='ltr'>impudicitiam</span> 
     </span>
     <span class='ocr_line' id='line_1_3' title="bbox 323 363 1928 418; baseline -0.001 -12"><span class='ocrx_word' id='word_1_10' title='bbox 323 377 443 406; x_wconf 89' lang='lat' dir='ltr'>nemo</span> <span class='ocrx_word' id='word_1_11' title='bbox 480 364 654 418; x_wconf 81' lang='lat' dir='ltr'>negabit,</span> <span class='ocrx_word' id='word_1_12' title='bbox 703 365 775 418; x_wconf 90' lang='lat' dir='ltr'>qui</span> <span class='ocrx_word' id='word_1_13' title='bbox 821 364 1144 406; x_wconf 80' lang='lat' dir='ltr'>consideraverit</span> <span class='ocrx_word' id='word_1_14' title='bbox 1179 363 1414 415; x_wconf 88' lang='lat' dir='ltr'>mulierem,</span> <span class='ocrx_word' id='word_1_15' title='bbox 1452 375 1560 417; x_wconf 88' lang='lat' dir='ltr'>quae</span> <span class='ocrx_word' id='word_1_16' title='bbox 1595 364 1685 418; x_wconf 89' lang='lat' dir='ltr'>ipsa</span> <span class='ocrx_word' id='word_1_17' title='bbox 1724 367 1928 406; x_wconf 86' lang='lat' dir='ltr'>amatores</span> 
     </span>
     <span class='ocr_line' id='line_1_4' title="bbox 322 421 1926 476; baseline 0 -13"><span class='ocrx_word' id='word_1_18' title='bbox 322 422 399 463; x_wconf 89' lang='lat' dir='ltr'>sibi</span> <span class='ocrx_word' id='word_1_19' title='bbox 429 424 639 475; x_wconf 89' lang='lat' dir='ltr'>gratiosos,</span> <span class='ocrx_word' id='word_1_20' title='bbox 670 422 742 463; x_wconf 88' lang='lat' dir='ltr'>sed</span> <span class='ocrx_word' id='word_1_21' title='bbox 773 435 797 463; x_wconf 88' lang='lat' dir='ltr'>a</span> <span class='ocrx_word' id='word_1_22' title='bbox 826 422 1012 476; x_wconf 88' lang='lat' dir='ltr'>patribus</span> <span class='ocrx_word' id='word_1_23' title='bbox 1042 435 1164 476; x_wconf 89' lang='lat' dir='ltr'>parce</span> <span class='ocrx_word' id='word_1_24' title='bbox 1195 421 1356 463; x_wconf 89' lang='lat' dir='ltr'>habitos</span> <span class='ocrx_word' id='word_1_25' title='bbox 1387 421 1566 476; x_wconf 86' lang='lat' dir='ltr'>pecunia</span> <span class='ocrx_word' id='word_1_26' title='bbox 1603 425 1643 463; x_wconf 89' lang='lat' dir='ltr'>et</span> <span class='ocrx_word' id='word_1_27' title='bbox 1680 421 1926 464; x_wconf 84' lang='lat' dir='ltr'>muneribus</span> 
     </span>
     <span class='ocr_line' id='line_1_5' title="bbox 322 478 1926 534; baseline 0.001 -14"><span class='ocrx_word' id='word_1_28' title='bbox 322 479 535 533; x_wconf 84' lang='lat' dir='ltr'>adiuvet,¹)</span> <span class='ocrx_word' id='word_1_29' title='bbox 565 480 752 522; x_wconf 84' lang='lat' dir='ltr'>mercede</span> <span class='ocrx_word' id='word_1_30' title='bbox 783 493 932 534; x_wconf 89' lang='lat' dir='ltr'>corpus</span> <span class='ocrx_word' id='word_1_31' title='bbox 963 493 1046 521; x_wconf 89' lang='lat' dir='ltr'>non</span> <span class='ocrx_word' id='word_1_32' title='bbox 1078 481 1335 534; x_wconf 88' lang='lat' dir='ltr'>prostituere.</span> <span class='ocrx_word' id='word_1_33' title='bbox 1380 478 1697 532; x_wconf 83' lang='lat' dir='ltr'>Baehrensius2)</span> <span class='ocrx_word' id='word_1_34' title='bbox 1728 492 1782 521; x_wconf 84' lang='lat' dir='ltr'>ex</span> <span class='ocrx_word' id='word_1_35' title='bbox 1813 480 1926 522; x_wconf 89' lang='lat' dir='ltr'>Cice-</span> 
     </span>
     <span class='ocr_line' id='line_1_6' title="bbox 321 537 1926 592; baseline 0.001 -14"><span class='ocrx_word' id='word_1_36' title='bbox 321 539 434 578; x_wconf 89' lang='lat' dir='ltr'>ronis</span> <span class='ocrx_word' id='word_1_37' title='bbox 463 538 565 590; x_wconf 91' lang='lat' dir='ltr'>loco,</span> <span class='ocrx_word' id='word_1_38' title='bbox 601 551 637 592; x_wconf 93' lang='lat' dir='ltr'>p.</span> <span class='ocrx_word' id='word_1_39' title='bbox 676 538 782 579; x_wconf 92' lang='lat' dir='ltr'>Cael.</span> <span class='ocrx_word' id='word_1_40' title='bbox 815 539 939 580; x_wconf 76' lang='lat' dir='ltr'>20.e2:</span> <span class='ocrx_word' id='word_1_41' title='bbox 979 539 1083 590; x_wconf 90' lang='lat' dir='ltr'>„nisi</span> <span class='ocrx_word' id='word_1_42' title='bbox 1120 539 1224 579; x_wconf 87' lang='lat' dir='ltr'>forte</span> <span class='ocrx_word' id='word_1_43' title='bbox 1261 537 1413 579; x_wconf 90' lang='lat' dir='ltr'>mulier</span> <span class='ocrx_word' id='word_1_44' title='bbox 1448 541 1594 591; x_wconf 90' lang='lat' dir='ltr'>potens</span> <span class='ocrx_word' id='word_1_45' title='bbox 1633 538 1926 592; x_wconf 79' lang='lat' dir='ltr'>quadrantaria</span> 
     </span>
     <span class='ocr_line' id='line_1_7' title="bbox 320 595 1923 649; baseline 0.001 -13"><span class='ocrx_word' id='word_1_46' title='bbox 320 596 389 636; x_wconf 90' lang='lat' dir='ltr'>illa</span> <span class='ocrx_word' id='word_1_47' title='bbox 419 597 719 649; x_wconf 89' lang='lat' dir='ltr'>permutatione</span> <span class='ocrx_word' id='word_1_48' title='bbox 748 596 961 637; x_wconf 89' lang='lat' dir='ltr'>familiaris</span> <span class='ocrx_word' id='word_1_49' title='bbox 991 597 1097 637; x_wconf 90' lang='lat' dir='ltr'>facta</span> <span class='ocrx_word' id='word_1_50' title='bbox 1128 601 1215 637; x_wconf 90' lang='lat' dir='ltr'>erat</span> <span class='ocrx_word' id='word_1_51' title='bbox 1244 595 1492 637; x_wconf 87' lang='lat' dir='ltr'>balneatori“</span> <span class='ocrx_word' id='word_1_52' title='bbox 1514 619 1564 625; x_wconf 91' lang='lat'><strong>—</strong></span> <span class='ocrx_word' id='word_1_53' title='bbox 1582 595 1923 649; x_wconf 82' lang='lat' dir='ltr'>„quadrantarie“</span> 
     </span>
     <span class='ocr_line' id='line_1_8' title="bbox 320 653 1922 708; baseline 0.002 -15"><span class='ocrx_word' id='word_1_54' title='bbox 320 666 462 695; x_wconf 88' lang='lat' dir='ltr'>vocem</span> <span class='ocrx_word' id='word_1_55' title='bbox 523 655 581 694; x_wconf 88' lang='lat' dir='ltr'>sic</span> <span class='ocrx_word' id='word_1_56' title='bbox 637 656 931 708; x_wconf 89' lang='lat' dir='ltr'>interpretatus</span> <span class='ocrx_word' id='word_1_57' title='bbox 982 658 1061 695; x_wconf 89' lang='lat' dir='ltr'>est:</span> <span class='ocrx_word' id='word_1_58' title='bbox 1133 654 1402 707; x_wconf 84' lang='lat' dir='ltr'>„lavabantur</span> <span class='ocrx_word' id='word_1_59' title='bbox 1458 653 1617 695; x_wconf 87' lang='lat' dir='ltr'>Romae</span> <span class='ocrx_word' id='word_1_60' title='bbox 1692 653 1922 708; x_wconf 87' lang='lat' dir='ltr'>quadrante</span> 
     </span>
     <span class='ocr_line' id='line_1_9' title="bbox 319 710 1924 766; baseline 0.002 -16"><span class='ocrx_word' id='word_1_61' title='bbox 319 713 398 752; x_wconf 86' lang='lat' dir='ltr'>viri</span> <span class='ocrx_word' id='word_1_62' title='bbox 465 712 631 765; x_wconf 84' lang='lat' dir='ltr'>(Juven.</span> <span class='ocrx_word' id='word_1_63' title='bbox 693 712 768 764; x_wconf 88' lang='lat' dir='ltr'>VI,</span> <span class='ocrx_word' id='word_1_64' title='bbox 827 725 908 763; x_wconf 77' lang='lat'>⁴⁴⁷3</span> <span class='ocrx_word' id='word_1_65' title='bbox 971 712 1063 754; x_wconf 87' lang='lat' dir='ltr'>Sen.</span> <span class='ocrx_word' id='word_1_66' title='bbox 1125 713 1238 766; x_wconf 89' lang='lat' dir='ltr'>epist.</span> <span class='ocrx_word' id='word_1_67' title='bbox 1287 711 1391 766; x_wconf 75' lang='lat'>86,9)</span> <span class='ocrx_word' id='word_1_68' title='bbox 1465 712 1717 765; x_wconf 88' lang='lat' dir='ltr'>videturque</span> <span class='ocrx_word' id='word_1_69' title='bbox 1782 710 1924 753; x_wconf 86' lang='lat' dir='ltr'>Clodia</span> 
     </span>
     <span class='ocr_line' id='line_1_10' title="bbox 318 769 1922 824; baseline 0.001 -14"><span class='ocrx_word' id='word_1_70' title='bbox 318 769 539 823; x_wconf 88' lang='lat' dir='ltr'>aliquando</span> <span class='ocrx_word' id='word_1_71' title='bbox 571 783 654 810; x_wconf 90' lang='lat' dir='ltr'>una</span> <span class='ocrx_word' id='word_1_72' title='bbox 684 782 780 811; x_wconf 91' lang='lat' dir='ltr'>cum</span> <span class='ocrx_word' id='word_1_73' title='bbox 811 771 912 811; x_wconf 88' lang='lat' dir='ltr'>viris</span> <span class='ocrx_word' id='word_1_74' title='bbox 942 770 1117 811; x_wconf 88' lang='lat' dir='ltr'>lavasse:</span> <span class='ocrx_word' id='word_1_75' title='bbox 1151 783 1258 824; x_wconf 90' lang='lat' dir='ltr'>quae</span> <span class='ocrx_word' id='word_1_76' title='bbox 1288 782 1354 812; x_wconf 86' lang='lat' dir='ltr'>res</span> <span class='ocrx_word' id='word_1_77' title='bbox 1385 769 1463 811; x_wconf 88' lang='lat' dir='ltr'>sub</span> <span class='ocrx_word' id='word_1_78' title='bbox 1495 769 1718 811; x_wconf 86' lang='lat' dir='ltr'>Caesarum</span> <span class='ocrx_word' id='word_1_79' title='bbox 1748 770 1922 824; x_wconf 87' lang='lat' dir='ltr'>imperio</span> 
     </span>
     <span class='ocr_line' id='line_1_11' title="bbox 319 828 1922 882; baseline 0.001 -14"><span class='ocrx_word' id='word_1_80' title='bbox 319 840 402 868; x_wconf 90' lang='lat' dir='ltr'>non</span> <span class='ocrx_word' id='word_1_81' title='bbox 448 829 504 868; x_wconf 87' lang='lat' dir='ltr'>ita</span> <span class='ocrx_word' id='word_1_82' title='bbox 550 841 642 868; x_wconf 90' lang='lat' dir='ltr'>rara</span> <span class='ocrx_word' id='word_1_83' title='bbox 686 833 776 869; x_wconf 90' lang='lat' dir='ltr'>tum</span> <span class='ocrx_word' id='word_1_84' title='bbox 823 829 1003 869; x_wconf 89' lang='lat' dir='ltr'>novitate</span> <span class='ocrx_word' id='word_1_85' title='bbox 1046 841 1122 869; x_wconf 88' lang='lat' dir='ltr'>sna</span> <span class='ocrx_word' id='word_1_86' title='bbox 1170 831 1226 869; x_wconf 91' lang='lat' dir='ltr'>ita</span> <span class='ocrx_word' id='word_1_87' title='bbox 1271 828 1477 870; x_wconf 86' lang='lat' dir='ltr'>offendere</span> <span class='ocrx_word' id='word_1_88' title='bbox 1528 829 1671 882; x_wconf 89' lang='lat' dir='ltr'>potuit,</span> <span class='ocrx_word' id='word_1_89' title='bbox 1727 832 1772 869; x_wconf 91' lang='lat' dir='ltr'>ut</span> <span class='ocrx_word' id='word_1_90' title='bbox 1825 828 1922 870; x_wconf 89' lang='lat' dir='ltr'>hinc</span> 
     </span>
     <span class='ocr_line' id='line_1_12' title="bbox 317 885 1922 940; baseline 0.001 -14"><span class='ocrx_word' id='word_1_91' title='bbox 317 885 494 926; x_wconf 90' lang='lat' dir='ltr'>feminae</span> <span class='ocrx_word' id='word_1_92' title='bbox 524 887 684 939; x_wconf 84' lang='lat' dir='ltr'>procaci</span> <span class='ocrx_word' id='word_1_93' title='bbox 715 886 974 940; x_wconf 90' lang='lat' dir='ltr'>lascivaeque</span> <span class='ocrx_word' id='word_1_94' title='bbox 1013 899 1243 939; x_wconf 86' lang='lat' dir='ltr'>cognomen</span> <span class='ocrx_word' id='word_1_95' title='bbox 1280 886 1384 927; x_wconf 91' lang='lat' dir='ltr'>illud</span> <span class='ocrx_word' id='word_1_96' title='bbox 1415 886 1594 927; x_wconf 89' lang='lat' dir='ltr'>inditum</span> <span class='ocrx_word' id='word_1_97' title='bbox 1626 898 1716 927; x_wconf 88' lang='lat' dir='ltr'>esse</span> <span class='ocrx_word' id='word_1_98' title='bbox 1747 899 1830 927; x_wconf 92' lang='lat' dir='ltr'>non</span> <span class='ocrx_word' id='word_1_99' title='bbox 1869 888 1922 928; x_wconf 90' lang='lat' dir='ltr'>sit</span> 
     </span>
     <span class='ocr_line' id='line_1_13' title="bbox 317 943 1920 999; baseline 0.001 -16"><span class='ocrx_word' id='word_1_100' title='bbox 317 945 405 984; x_wconf 87' lang='lat' dir='ltr'>veri</span> <span class='ocrx_word' id='word_1_101' title='bbox 459 944 692 984; x_wconf 85' lang='lat' dir='ltr'>dissimile.“</span> <span class='ocrx_word' id='word_1_102' title='bbox 766 944 888 985; x_wconf 87' lang='lat' dir='ltr'>Hanc</span> <span class='ocrx_word' id='word_1_103' title='bbox 939 957 1026 986; x_wconf 91' lang='lat' dir='ltr'>rem</span> <span class='ocrx_word' id='word_1_104' title='bbox 1079 946 1136 986; x_wconf 87' lang='lat' dir='ltr'>ita</span> <span class='ocrx_word' id='word_1_105' title='bbox 1184 949 1303 999; x_wconf 88' lang='lat' dir='ltr'>putat</span> <span class='ocrx_word' id='word_1_106' title='bbox 1346 944 1626 986; x_wconf 87' lang='lat' dir='ltr'>Baehrensius</span> <span class='ocrx_word' id='word_1_107' title='bbox 1677 943 1920 986; x_wconf 87' lang='lat' dir='ltr'>Ciceronem</span> 
     </span>
     <span class='ocr_line' id='line_1_14' title="bbox 315 1002 1919 1056; baseline 0.001 -14"><span class='ocrx_word' id='word_1_108' title='bbox 315 1003 599 1055; x_wconf 84' lang='lat' dir='ltr'>perstringere,</span> <span class='ocrx_word' id='word_1_109' title='bbox 639 1006 686 1042; x_wconf 90' lang='lat' dir='ltr'>ut</span> <span class='ocrx_word' id='word_1_110' title='bbox 714 1002 923 1056; x_wconf 88' lang='lat' dir='ltr'>frequenti</span> <span class='ocrx_word' id='word_1_111' title='bbox 953 1003 1195 1044; x_wconf 88' lang='lat' dir='ltr'>balnearum</span> <span class='ocrx_word' id='word_1_112' title='bbox 1229 1016 1310 1044; x_wconf 88' lang='lat' dir='ltr'>usu</span> <span class='ocrx_word' id='word_1_113' title='bbox 1346 1002 1497 1044; x_wconf 86' lang='lat' dir='ltr'>bonam</span> <span class='ocrx_word' id='word_1_114' title='bbox 1535 1002 1784 1044; x_wconf 91' lang='lat' dir='ltr'>balneatoris</span> <span class='ocrx_word' id='word_1_115' title='bbox 1815 1004 1919 1044; x_wconf 91' lang='lat' dir='ltr'>ami-</span> 
     </span>
     <span class='ocr_line' id='line_1_15' title="bbox 314 1059 1917 1103; baseline 0.001 -4"><span class='ocrx_word' id='word_1_116' title='bbox 314 1071 406 1100; x_wconf 87' lang='lat' dir='ltr'>cam</span> <span class='ocrx_word' id='word_1_117' title='bbox 450 1059 598 1100; x_wconf 87' lang='lat' dir='ltr'>factam</span> <span class='ocrx_word' id='word_1_118' title='bbox 641 1072 730 1101; x_wconf 87' lang='lat' dir='ltr'>esse</span> <span class='ocrx_word' id='word_1_119' title='bbox 779 1061 890 1101; x_wconf 88' lang='lat' dir='ltr'>illam</span> <span class='ocrx_word' id='word_1_120' title='bbox 945 1062 1102 1103; x_wconf 88' lang='lat' dir='ltr'>innuat.</span> <span class='ocrx_word' id='word_1_121' title='bbox 1142 1085 1196 1091; x_wconf 89' lang='lat'>-—</span> <span class='ocrx_word' id='word_1_122' title='bbox 1240 1061 1304 1102; x_wconf 91' lang='lat' dir='ltr'>Ita</span> <span class='ocrx_word' id='word_1_123' title='bbox 1346 1062 1539 1102; x_wconf 88' lang='lat' dir='ltr'>invectus</span> <span class='ocrx_word' id='word_1_124' title='bbox 1584 1065 1646 1102; x_wconf 89' lang='lat' dir='ltr'>est</span> <span class='ocrx_word' id='word_1_125' title='bbox 1683 1060 1827 1102; x_wconf 89' lang='lat' dir='ltr'>Cicero</span> <span class='ocrx_word' id='word_1_126' title='bbox 1874 1062 1917 1102; x_wconf 91' lang='lat' dir='ltr'>in</span> 
     </span>
     <span class='ocr_line' id='line_1_16' title="bbox 314 1116 1917 1173; baseline 0.002 -16"><span class='ocrx_word' id='word_1_127' title='bbox 314 1116 498 1158; x_wconf 85' lang='lat' dir='ltr'>Clodiam</span> <span class='ocrx_word' id='word_1_128' title='bbox 534 1119 576 1158; x_wconf 92' lang='lat' dir='ltr'>in</span> <span class='ocrx_word' id='word_1_129' title='bbox 614 1119 796 1160; x_wconf 91' lang='lat' dir='ltr'>oratione</span> <span class='ocrx_word' id='word_1_130' title='bbox 833 1132 905 1172; x_wconf 92' lang='lat' dir='ltr'>pro</span> <span class='ocrx_word' id='word_1_131' title='bbox 938 1119 1074 1160; x_wconf 91' lang='lat' dir='ltr'>Caelio</span> <span class='ocrx_word' id='word_1_132' title='bbox 1105 1119 1253 1173; x_wconf 87' lang='lat' dir='ltr'>habita,</span> <span class='ocrx_word' id='word_1_133' title='bbox 1285 1123 1332 1160; x_wconf 93' lang='lat' dir='ltr'>ut</span> <span class='ocrx_word' id='word_1_134' title='bbox 1362 1121 1452 1160; x_wconf 87' lang='lat' dir='ltr'>eius</span> <span class='ocrx_word' id='word_1_135' title='bbox 1482 1122 1699 1173; x_wconf 89' lang='lat' dir='ltr'>tamquam</span> <span class='ocrx_word' id='word_1_136' title='bbox 1746 1118 1917 1160; x_wconf 91' lang='lat' dir='ltr'>alterius</span> 
     </span>
     <span class='ocr_line' id='line_1_17' title="bbox 315 1174 1917 1232; baseline 0.001 -17"><span class='ocrx_word' id='word_1_137' title='bbox 315 1174 559 1217; x_wconf 87' lang='lat' dir='ltr'>Messalinae</span> <span class='ocrx_word' id='word_1_138' title='bbox 610 1189 761 1217; x_wconf 91' lang='lat' dir='ltr'>nomen</span> <span class='ocrx_word' id='word_1_139' title='bbox 813 1178 857 1218; x_wconf 90' lang='lat' dir='ltr'>in</span> <span class='ocrx_word' id='word_1_140' title='bbox 906 1190 1028 1219; x_wconf 92' lang='lat' dir='ltr'>omne</span> <span class='ocrx_word' id='word_1_141' title='bbox 1082 1181 1246 1232; x_wconf 91' lang='lat' dir='ltr'>tempus</span> <span class='ocrx_word' id='word_1_142' title='bbox 1298 1180 1351 1218; x_wconf 91' lang='lat' dir='ltr'>sit</span> <span class='ocrx_word' id='word_1_143' title='bbox 1400 1178 1591 1218; x_wconf 90' lang='lat' dir='ltr'>inustum</span> <span class='ocrx_word' id='word_1_144' title='bbox 1643 1177 1917 1231; x_wconf 89' lang='lat' dir='ltr'>turpitudinis</span> 
     </span>
     <span class='ocr_line' id='line_1_18' title="bbox 315 1234 1918 1290; baseline 0.001 -17"><span class='ocrx_word' id='word_1_145' title='bbox 315 1238 411 1274; x_wconf 87' lang='lat' dir='ltr'>nota</span> <span class='ocrx_word' id='word_1_146' title='bbox 446 1234 690 1275; x_wconf 87' lang='lat' dir='ltr'>foedissima.</span> <span class='ocrx_word' id='word_1_147' title='bbox 758 1235 899 1276; x_wconf 90' lang='lat' dir='ltr'>Clodia</span> <span class='ocrx_word' id='word_1_148' title='bbox 941 1236 1177 1290; x_wconf 88' lang='lat' dir='ltr'>depingitur</span> <span class='ocrx_word' id='word_1_149' title='bbox 1227 1236 1556 1290; x_wconf 89' lang='lat' dir='ltr'>impudicissima</span> <span class='ocrx_word' id='word_1_150' title='bbox 1606 1239 1732 1289; x_wconf 89' lang='lat' dir='ltr'>atque</span> <span class='ocrx_word' id='word_1_151' title='bbox 1779 1235 1918 1276; x_wconf 91' lang='lat' dir='ltr'>libidi-</span> 
     </span>
     <span class='ocr_line' id='line_1_19' title="bbox 314 1292 1916 1348; baseline 0.002 -17"><span class='ocrx_word' id='word_1_152' title='bbox 314 1292 542 1345; x_wconf 88' lang='lat' dir='ltr'>nosissima,</span> <span class='ocrx_word' id='word_1_153' title='bbox 574 1305 680 1346; x_wconf 91' lang='lat' dir='ltr'>quae</span> <span class='ocrx_word' id='word_1_154' title='bbox 710 1293 830 1346; x_wconf 89' lang='lat' dir='ltr'>plane</span> <span class='ocrx_word' id='word_1_155' title='bbox 853 1295 1080 1336; x_wconf 75' lang='lat' dir='ltr'>meretricis</span> <span class='ocrx_word' id='word_1_156' title='bbox 1101 1295 1303 1348; x_wconf 87' lang='lat' dir='ltr'>pessimae</span> <span class='ocrx_word' id='word_1_157' title='bbox 1328 1295 1454 1335; x_wconf 90' lang='lat' dir='ltr'>vitam</span> <span class='ocrx_word' id='word_1_158' title='bbox 1485 1294 1659 1348; x_wconf 85' lang='lat' dir='ltr'>gesserit</span> <span class='ocrx_word' id='word_1_159' title='bbox 1689 1298 1732 1334; x_wconf 92' lang='lat' dir='ltr'>et</span> <span class='ocrx_word' id='word_1_160' title='bbox 1760 1292 1916 1335; x_wconf 87' lang='lat' dir='ltr'>Romae</span> 
     </span>
     <span class='ocr_line' id='line_1_20' title="bbox 312 1350 1918 1406; baseline 0.001 -16"><span class='ocrx_word' id='word_1_161' title='bbox 312 1353 353 1390; x_wconf 89' lang='lat' dir='ltr'>et</span> <span class='ocrx_word' id='word_1_162' title='bbox 387 1350 501 1391; x_wconf 88' lang='lat' dir='ltr'>Baiis</span> <span class='ocrx_word' id='word_1_163' title='bbox 540 1351 732 1391; x_wconf 86' lang='lat' dir='ltr'>bacchata</span> <span class='ocrx_word' id='word_1_164' title='bbox 771 1356 896 1405; x_wconf 91' lang='lat' dir='ltr'>atque</span> <span class='ocrx_word' id='word_1_165' title='bbox 933 1352 1127 1393; x_wconf 91' lang='lat' dir='ltr'>omnibus</span> <span class='ocrx_word' id='word_1_166' title='bbox 1163 1365 1208 1393; x_wconf 89' lang='lat' dir='ltr'>se</span> <span class='ocrx_word' id='word_1_167' title='bbox 1243 1353 1490 1406; x_wconf 87' lang='lat' dir='ltr'>pervulgare</span> <span class='ocrx_word' id='word_1_168' title='bbox 1527 1355 1734 1392; x_wconf 90' lang='lat' dir='ltr'>consueta.</span> <span class='ocrx_word' id='word_1_169' title='bbox 1810 1351 1918 1392; x_wconf 89' lang='lat' dir='ltr'>Con-</span> 
     </span>
     <span class='ocr_line' id='line_1_21' title="bbox 313 1407 1918 1464; baseline 0.002 -17"><span class='ocrx_word' id='word_1_170' title='bbox 313 1407 421 1448; x_wconf 74' lang='lat' dir='ltr'>feras</span> <span class='ocrx_word' id='word_1_171' title='bbox 466 1409 669 1462; x_wconf 89' lang='lat' dir='ltr'>imprimis</span> <span class='ocrx_word' id='word_1_172' title='bbox 708 1409 819 1450; x_wconf 89' lang='lat' dir='ltr'>locos</span> <span class='ocrx_word' id='word_1_173' title='bbox 856 1411 997 1451; x_wconf 79' lang='lat' dir='ltr'>hosce:</span> <span class='ocrx_word' id='word_1_174' title='bbox 1046 1424 1082 1464; x_wconf 93' lang='lat' dir='ltr'>p.</span> <span class='ocrx_word' id='word_1_175' title='bbox 1122 1410 1163 1451; x_wconf 89' lang='lat' dir='ltr'>C.</span> <span class='ocrx_word' id='word_1_176' title='bbox 1211 1413 1331 1451; x_wconf 61' lang='lat'><strong>1332:</strong></span> <span class='ocrx_word' id='word_1_177' title='bbox 1369 1423 1520 1464; x_wconf 89' lang='lat' dir='ltr'>„quam</span> <span class='ocrx_word' id='word_1_178' title='bbox 1565 1421 1709 1450; x_wconf 87' lang='lat' dir='ltr'>omnes</span> <span class='ocrx_word' id='word_1_179' title='bbox 1754 1421 1918 1464; x_wconf 86' lang='lat' dir='ltr'>semper</span> 
     </span>
     <span class='ocr_line' id='line_1_22' title="bbox 314 1467 1914 1522; baseline 0.002 -17"><span class='ocrx_word' id='word_1_180' title='bbox 314 1467 487 1506; x_wconf 85' lang='lat' dir='ltr'>amicam</span> <span class='ocrx_word' id='word_1_181' title='bbox 511 1468 697 1507; x_wconf 88' lang='lat' dir='ltr'>omnium</span> <span class='ocrx_word' id='word_1_182' title='bbox 715 1481 840 1521; x_wconf 87' lang='lat' dir='ltr'>quam</span> <span class='ocrx_word' id='word_1_183' title='bbox 863 1469 1113 1522; x_wconf 85' lang='lat' dir='ltr'>cuiusquam</span> <span class='ocrx_word' id='word_1_184' title='bbox 1139 1469 1351 1510; x_wconf 83' lang='lat' dir='ltr'>inimicam</span> <span class='ocrx_word' id='word_1_185' title='bbox 1374 1468 1669 1522; x_wconf 76' lang='lat' dir='ltr'>putaverunt;“</span> <span class='ocrx_word' id='word_1_186' title='bbox 1701 1491 1756 1496; x_wconf 91' lang='lat'>—-</span> <span class='ocrx_word' id='word_1_187' title='bbox 1790 1469 1914 1509; x_wconf 56' lang='lat'>15³⁶:</span> 
     </span>
     <span class='ocr_line' id='line_1_23' title="bbox 312 1523 1916 1581; baseline 0.002 -17"><span class='ocrx_word' id='word_1_188' title='bbox 312 1523 460 1575; x_wconf 89' lang='lat' dir='ltr'>„habes</span> <span class='ocrx_word' id='word_1_189' title='bbox 513 1525 652 1566; x_wconf 87' lang='lat' dir='ltr'>hortos</span> <span class='ocrx_word' id='word_1_190' title='bbox 704 1526 755 1566; x_wconf 88' lang='lat' dir='ltr'>ad</span> <span class='ocrx_word' id='word_1_191' title='bbox 807 1525 988 1567; x_wconf 89' lang='lat' dir='ltr'>Tiberim</span> <span class='ocrx_word' id='word_1_192' title='bbox 1033 1539 1080 1567; x_wconf 90' lang='lat' dir='ltr'>ac</span> <span class='ocrx_word' id='word_1_193' title='bbox 1128 1527 1345 1581; x_wconf 86' lang='lat' dir='ltr'>diligenter</span> <span class='ocrx_word' id='word_1_194' title='bbox 1387 1539 1435 1568; x_wconf 90' lang='lat' dir='ltr'>eo</span> <span class='ocrx_word' id='word_1_195' title='bbox 1480 1526 1571 1567; x_wconf 92' lang='lat' dir='ltr'>loco</span> <span class='ocrx_word' id='word_1_196' title='bbox 1616 1526 1782 1580; x_wconf 88' lang='lat' dir='ltr'>parasti,</span> <span class='ocrx_word' id='word_1_197' title='bbox 1834 1539 1916 1580; x_wconf 91' lang='lat' dir='ltr'>quo</span> 
     </span>
     <span class='ocr_line' id='line_1_24' title="bbox 311 1583 1918 1626; baseline 0.002 -4"><span class='ocrx_word' id='word_1_198' title='bbox 311 1584 446 1622; x_wconf 89' lang='lat' dir='ltr'>omnis</span> <span class='ocrx_word' id='word_1_199' title='bbox 476 1583 672 1623; x_wconf 89' lang='lat' dir='ltr'>iuventus</span> <span class='ocrx_word' id='word_1_200' title='bbox 703 1585 870 1625; x_wconf 89' lang='lat' dir='ltr'>natandi</span> <span class='ocrx_word' id='word_1_201' title='bbox 896 1597 1020 1626; x_wconf 90' lang='lat' dir='ltr'>causa</span> <span class='ocrx_word' id='word_1_202' title='bbox 1040 1586 1171 1626; x_wconf 84' lang='lat' dir='ltr'>venit:</span> <span class='ocrx_word' id='word_1_203' title='bbox 1204 1586 1300 1626; x_wconf 89' lang='lat' dir='ltr'>hinc</span> <span class='ocrx_word' id='word_1_204' title='bbox 1331 1585 1426 1626; x_wconf 91' lang='lat' dir='ltr'>licet</span> <span class='ocrx_word' id='word_1_205' title='bbox 1455 1585 1720 1626; x_wconf 89' lang='lat' dir='ltr'>condiciones</span> <span class='ocrx_word' id='word_1_206' title='bbox 1750 1584 1918 1625; x_wconf 87' lang='lat' dir='ltr'>cottidie</span> 
     </span>
     <span class='ocr_line' id='line_1_25' title="bbox 312 1639 1916 1695; baseline 0.002 -16"><span class='ocrx_word' id='word_1_207' title='bbox 312 1639 424 1692; x_wconf 87' lang='lat' dir='ltr'>legas</span> <span class='ocrx_word' id='word_1_208' title='bbox 457 1641 547 1691; x_wconf 84' lang='grc'>--“;</span> <span class='ocrx_word' id='word_1_209' title='bbox 583 1643 706 1682; x_wconf 76' lang='grc'><strong>16.38;</strong></span> <span class='ocrx_word' id='word_1_210' title='bbox 746 1642 829 1695; x_wconf 92' lang='lat' dir='ltr'>„nil</span> <span class='ocrx_word' id='word_1_211' title='bbox 866 1644 947 1683; x_wconf 90' lang='lat' dir='ltr'>iam</span> <span class='ocrx_word' id='word_1_212' title='bbox 986 1644 1031 1684; x_wconf 91' lang='lat' dir='ltr'>in</span> <span class='ocrx_word' id='word_1_213' title='bbox 1070 1645 1191 1684; x_wconf 88' lang='lat' dir='ltr'>istam</span> <span class='ocrx_word' id='word_1_214' title='bbox 1230 1643 1447 1684; x_wconf 90' lang='lat' dir='ltr'>mulierem</span> <span class='ocrx_word' id='word_1_215' title='bbox 1485 1643 1596 1693; x_wconf 79' lang='lat' dir='ltr'>di003</span> <span class='ocrx_word' id='word_1_216' title='bbox 1636 1642 1709 1683; x_wconf 91' lang='lat' dir='ltr'>sed</span> <span class='ocrx_word' id='word_1_217' title='bbox 1739 1643 1776 1683; x_wconf 90' lang='lat' dir='ltr'>si</span> <span class='ocrx_word' id='word_1_218' title='bbox 1807 1650 1916 1684; x_wconf 87' lang='lat' dir='ltr'>esset</span> 
     </span>
     <span class='ocr_line' id='line_1_26' title="bbox 309 1697 1915 1756; baseline 0.002 -19"><span class='ocrx_word' id='word_1_219' title='bbox 309 1697 449 1751; x_wconf 88' lang='lat' dir='ltr'>aliqua</span> <span class='ocrx_word' id='word_1_220' title='bbox 479 1699 690 1740; x_wconf 91' lang='lat' dir='ltr'>dissimilis</span> <span class='ocrx_word' id='word_1_221' title='bbox 721 1700 845 1753; x_wconf 81' lang='lat' dir='ltr'>illius,</span> <span class='ocrx_word' id='word_1_222' title='bbox 878 1714 985 1754; x_wconf 90' lang='lat' dir='ltr'>quae</span> <span class='ocrx_word' id='word_1_223' title='bbox 1016 1714 1060 1742; x_wconf 92' lang='lat' dir='ltr'>se</span> <span class='ocrx_word' id='word_1_224' title='bbox 1091 1702 1286 1743; x_wconf 90' lang='lat' dir='ltr'>omnibus</span> <span class='ocrx_word' id='word_1_225' title='bbox 1316 1701 1591 1756; x_wconf 86' lang='lat' dir='ltr'>pervulgaret,</span> <span class='ocrx_word' id='word_1_226' title='bbox 1623 1713 1730 1754; x_wconf 91' lang='lat' dir='ltr'>quae</span> <span class='ocrx_word' id='word_1_227' title='bbox 1747 1700 1915 1742; x_wconf 89' lang='lat' dir='ltr'>haberet</span> 
     </span>
     <span class='ocr_line' id='line_1_27' title="bbox 310 1756 1913 1813; baseline 0.002 -18"><span class='ocrx_word' id='word_1_228' title='bbox 310 1756 443 1808; x_wconf 89' lang='lat' dir='ltr'>palam</span> <span class='ocrx_word' id='word_1_229' title='bbox 481 1757 692 1798; x_wconf 88' lang='lat' dir='ltr'>decretum</span> <span class='ocrx_word' id='word_1_230' title='bbox 730 1771 892 1812; x_wconf 90' lang='lat' dir='ltr'>semper</span> <span class='ocrx_word' id='word_1_231' title='bbox 928 1760 1123 1813; x_wconf 85' lang='lat' dir='ltr'>aliquem,</span> <span class='ocrx_word' id='word_1_232' title='bbox 1154 1761 1275 1801; x_wconf 86' lang='lat' dir='ltr'>cuius</span> <span class='ocrx_word' id='word_1_233' title='bbox 1314 1761 1355 1800; x_wconf 93' lang='lat' dir='ltr'>in</span> <span class='ocrx_word' id='word_1_234' title='bbox 1401 1760 1541 1801; x_wconf 90' lang='lat' dir='ltr'>hortos</span> <span class='ocrx_word' id='word_1_235' title='bbox 1579 1759 1751 1799; x_wconf 92' lang='lat' dir='ltr'>domum</span> <span class='ocrx_word' id='word_1_236' title='bbox 1790 1758 1913 1800; x_wconf 89' lang='lat' dir='ltr'>Baias</span> 
     </span>
     <span class='ocr_line' id='line_1_28' title="bbox 309 1815 1915 1871; baseline 0.002 -18"><span class='ocrx_word' id='word_1_237' title='bbox 309 1815 399 1855; x_wconf 90' lang='lat' dir='ltr'>iure</span> <span class='ocrx_word' id='word_1_238' title='bbox 444 1827 519 1855; x_wconf 90' lang='lat' dir='ltr'>suo</span> <span class='ocrx_word' id='word_1_239' title='bbox 565 1816 757 1857; x_wconf 88' lang='lat' dir='ltr'>libidines</span> <span class='ocrx_word' id='word_1_240' title='bbox 802 1819 991 1858; x_wconf 90' lang='lat' dir='ltr'>omnium</span> <span class='ocrx_word' id='word_1_241' title='bbox 1037 1824 1420 1871; x_wconf 86' lang='lat' dir='ltr'>commemorarent,</span> <span class='ocrx_word' id='word_1_242' title='bbox 1465 1829 1572 1871; x_wconf 90' lang='lat' dir='ltr'>quae</span> <span class='ocrx_word' id='word_1_243' title='bbox 1618 1818 1742 1857; x_wconf 90' lang='lat' dir='ltr'>etiam</span> <span class='ocrx_word' id='word_1_244' title='bbox 1787 1817 1915 1858; x_wconf 87' lang='lat' dir='ltr'>aleret</span> 
     </span>
     <span class='ocr_line' id='line_1_29' title="bbox 310 1872 1911 1929; baseline 0.002 -18"><span class='ocrx_word' id='word_1_245' title='bbox 310 1872 591 1914; x_wconf 90' lang='lat' dir='ltr'>adulescentes</span> <span class='ocrx_word' id='word_1_246' title='bbox 629 1879 669 1914; x_wconf 93' lang='lat' dir='ltr'>et</span> <span class='ocrx_word' id='word_1_247' title='bbox 704 1876 998 1928; x_wconf 88' lang='lat' dir='ltr'>parsimoniam</span> <span class='ocrx_word' id='word_1_248' title='bbox 1041 1881 1206 1929; x_wconf 89' lang='lat' dir='ltr'>patrum</span> <span class='ocrx_word' id='word_1_249' title='bbox 1244 1877 1332 1917; x_wconf 90' lang='lat' dir='ltr'>suis</span> <span class='ocrx_word' id='word_1_250' title='bbox 1369 1874 1606 1928; x_wconf 86' lang='lat' dir='ltr'>sumptibus</span> <span class='ocrx_word' id='word_1_251' title='bbox 1644 1878 1911 1926; x_wconf 78' lang='lat' dir='ltr'>sustentaret3</span> 
     </span>
     <span class='ocr_line' id='line_1_30' title="bbox 310 1930 1912 1987; baseline 0.002 -17"><span class='ocrx_word' id='word_1_252' title='bbox 310 1930 345 1970; x_wconf 90' lang='lat' dir='ltr'>si</span> <span class='ocrx_word' id='word_1_253' title='bbox 377 1930 501 1971; x_wconf 90' lang='lat' dir='ltr'>vidua</span> <span class='ocrx_word' id='word_1_254' title='bbox 531 1931 669 1984; x_wconf 89' lang='lat' dir='ltr'>libere,</span> <span class='ocrx_word' id='word_1_255' title='bbox 706 1938 896 1986; x_wconf 86' lang='lat' dir='ltr'>proterva</span> <span class='ocrx_word' id='word_1_256' title='bbox 933 1934 1176 1987; x_wconf 90' lang='lat' dir='ltr'>petulanter,</span> <span class='ocrx_word' id='word_1_257' title='bbox 1213 1934 1328 1975; x_wconf 91' lang='lat' dir='ltr'>dives</span> <span class='ocrx_word' id='word_1_258' title='bbox 1359 1934 1498 1986; x_wconf 88' lang='lat' dir='ltr'>effuse,</span> <span class='ocrx_word' id='word_1_259' title='bbox 1529 1933 1750 1974; x_wconf 91' lang='lat' dir='ltr'>libidinosa</span> <span class='ocrx_word' id='word_1_260' title='bbox 1780 1945 1912 1974; x_wconf 88' lang='lat' dir='ltr'>mere-</span> 
     </span>
     <span class='ocr_line' id='line_1_31' title="bbox 310 1989 1912 2046; baseline 0.002 -19"><span class='ocrx_word' id='word_1_261' title='bbox 310 1989 427 2028; x_wconf 91' lang='lat' dir='ltr'>tricio</span> <span class='ocrx_word' id='word_1_262' title='bbox 468 2002 581 2030; x_wconf 85' lang='lat' dir='ltr'>more</span> <span class='ocrx_word' id='word_1_263' title='bbox 620 1991 794 2031; x_wconf 86' lang='lat' dir='ltr'>viveret:</span> <span class='ocrx_word' id='word_1_264' title='bbox 841 1991 1075 2032; x_wconf 88' lang='lat' dir='ltr'>adulterum</span> <span class='ocrx_word' id='word_1_265' title='bbox 1114 2005 1189 2046; x_wconf 86' lang='lat' dir='ltr'>ego</span> <span class='ocrx_word' id='word_1_266' title='bbox 1226 1996 1427 2046; x_wconf 89' lang='lat' dir='ltr'>putarem,</span> <span class='ocrx_word' id='word_1_267' title='bbox 1472 1993 1604 2045; x_wconf 88' lang='lat' dir='ltr'>siquis</span> <span class='ocrx_word' id='word_1_268' title='bbox 1647 1991 1752 2031; x_wconf 90' lang='lat' dir='ltr'>hanc</span> <span class='ocrx_word' id='word_1_269' title='bbox 1787 1991 1912 2045; x_wconf 92' lang='lat' dir='ltr'>paulo</span> 
     </span>
     <span class='ocr_line' id='line_1_32' title="bbox 310 2045 1910 2104; baseline 0.003 -19"><span class='ocrx_word' id='word_1_270' title='bbox 310 2045 480 2087; x_wconf 89' lang='lat' dir='ltr'>liberius</span> <span class='ocrx_word' id='word_1_271' title='bbox 522 2047 807 2099; x_wconf 80' lang='lat' dir='ltr'>salutasset?“;</span> <span class='ocrx_word' id='word_1_272' title='bbox 852 2050 977 2091; x_wconf 76' lang='lat'>20.49:</span> <span class='ocrx_word' id='word_1_273' title='bbox 1021 2051 1078 2103; x_wconf 89' lang='lat' dir='ltr'>„si</span> <span class='ocrx_word' id='word_1_274' title='bbox 1117 2063 1224 2104; x_wconf 90' lang='lat' dir='ltr'>quae</span> <span class='ocrx_word' id='word_1_275' title='bbox 1261 2063 1343 2091; x_wconf 90' lang='lat' dir='ltr'>non</span> <span class='ocrx_word' id='word_1_276' title='bbox 1382 2053 1511 2104; x_wconf 87' lang='lat' dir='ltr'>nupta</span> <span class='ocrx_word' id='word_1_277' title='bbox 1554 2049 1704 2090; x_wconf 90' lang='lat' dir='ltr'>mulier</span> <span class='ocrx_word' id='word_1_278' title='bbox 1740 2049 1910 2090; x_wconf 90' lang='lat' dir='ltr'>domum</span> 
     </span>
     <span class='ocr_line' id='line_1_33' title="bbox 309 2105 1911 2163; baseline 0.002 -19"><span class='ocrx_word' id='word_1_279' title='bbox 309 2116 427 2144; x_wconf 88' lang='lat' dir='ltr'>suam</span> <span class='ocrx_word' id='word_1_280' title='bbox 458 2105 690 2158; x_wconf 81' lang='lat' dir='ltr'>patefecerit</span> <span class='ocrx_word' id='word_1_281' title='bbox 706 2108 892 2148; x_wconf 91' lang='lat' dir='ltr'>omnium</span> <span class='ocrx_word' id='word_1_282' title='bbox 926 2108 1137 2162; x_wconf 84' lang='lat' dir='ltr'>cupiditati</span> <span class='ocrx_word' id='word_1_283' title='bbox 1154 2109 1373 2163; x_wconf 89' lang='lat' dir='ltr'>palamque</span> <span class='ocrx_word' id='word_1_284' title='bbox 1404 2120 1492 2149; x_wconf 90' lang='lat' dir='ltr'>sese</span> <span class='ocrx_word' id='word_1_285' title='bbox 1514 2108 1557 2148; x_wconf 90' lang='lat' dir='ltr'>in</span> <span class='ocrx_word' id='word_1_286' title='bbox 1576 2108 1807 2148; x_wconf 89' lang='lat' dir='ltr'>meretricia</span> <span class='ocrx_word' id='word_1_287' title='bbox 1827 2108 1911 2148; x_wconf 89' lang='lat' dir='ltr'>vita</span> 
     </span>
     <span class='ocr_line' id='line_1_34' title="bbox 309 2162 1910 2215; baseline 0.002 -14"><span class='ocrx_word' id='word_1_288' title='bbox 309 2162 528 2204; x_wconf 81' lang='lat' dir='ltr'>conlocans</span> <span class='ocrx_word' id='word_1_289' title='bbox 558 2165 743 2205; x_wconf 86' lang='lat' dir='ltr'>virorum</span> <span class='ocrx_word' id='word_1_290' title='bbox 774 2166 1123 2215; x_wconf 82' lang='lat' dir='ltr'>alienissimorum</span> <span class='ocrx_word' id='word_1_291' title='bbox 1160 2168 1363 2207; x_wconf 88' lang='lat' dir='ltr'>conviviis</span> <span class='ocrx_word' id='word_1_292' title='bbox 1394 2167 1455 2207; x_wconf 93' lang='lat' dir='ltr'>uti</span> <span class='ocrx_word' id='word_1_293' title='bbox 1486 2166 1730 2206; x_wconf 84' lang='lat' dir='ltr'>instituerit:</span> <span class='ocrx_word' id='word_1_294' title='bbox 1767 2167 1802 2205; x_wconf 92' lang='lat' dir='ltr'>si</span> <span class='ocrx_word' id='word_1_295' title='bbox 1833 2165 1910 2206; x_wconf 87' lang='lat' dir='ltr'>hoc</span> 
     </span>
     <span class='ocr_line' id='line_1_35' title="bbox 308 2220 1911 2277; baseline 0.002 -18"><span class='ocrx_word' id='word_1_296' title='bbox 308 2220 349 2260; x_wconf 91' lang='lat' dir='ltr'>in</span> <span class='ocrx_word' id='word_1_297' title='bbox 383 2220 495 2274; x_wconf 88' lang='lat' dir='ltr'>urbe,</span> <span class='ocrx_word' id='word_1_298' title='bbox 526 2222 569 2262; x_wconf 92' lang='lat' dir='ltr'>in</span> <span class='ocrx_word' id='word_1_299' title='bbox 601 2222 740 2274; x_wconf 90' lang='lat' dir='ltr'>hortis,</span> <span class='ocrx_word' id='word_1_300' title='bbox 771 2224 806 2264; x_wconf 89' lang='lat' dir='ltr'>si</span> <span class='ocrx_word' id='word_1_301' title='bbox 836 2225 878 2263; x_wconf 89' lang='lat' dir='ltr'>in</span> <span class='ocrx_word' id='word_1_302' title='bbox 909 2224 1107 2265; x_wconf 88' lang='lat' dir='ltr'>Baiarum</span> <span class='ocrx_word' id='word_1_303' title='bbox 1137 2224 1208 2265; x_wconf 92' lang='lat' dir='ltr'>illa</span> <span class='ocrx_word' id='word_1_304' title='bbox 1238 2225 1472 2266; x_wconf 88' lang='lat' dir='ltr'>celebritate</span> <span class='ocrx_word' id='word_1_305' title='bbox 1502 2224 1632 2275; x_wconf 87' lang='lat' dir='ltr'>faciat,</span> <span class='ocrx_word' id='word_1_306' title='bbox 1663 2225 1698 2264; x_wconf 92' lang='lat' dir='ltr'>si</span> <span class='ocrx_word' id='word_1_307' title='bbox 1730 2223 1911 2277; x_wconf 89' lang='lat' dir='ltr'>denique</span> 
     </span>
     <span class='ocr_line' id='line_1_36' title="bbox 310 2279 1910 2336; baseline 0.003 -19"><span class='ocrx_word' id='word_1_308' title='bbox 310 2279 364 2317; x_wconf 85' lang='lat' dir='ltr'>ita</span> <span class='ocrx_word' id='word_1_309' title='bbox 394 2291 482 2319; x_wconf 89' lang='lat' dir='ltr'>sese</span> <span class='ocrx_word' id='word_1_310' title='bbox 511 2285 626 2332; x_wconf 85' lang='lat' dir='ltr'>gerat</span> <span class='ocrx_word' id='word_1_311' title='bbox 657 2294 738 2321; x_wconf 92' lang='lat' dir='ltr'>non</span> <span class='ocrx_word' id='word_1_312' title='bbox 770 2282 936 2322; x_wconf 86' lang='lat' dir='ltr'>incessu</span> <span class='ocrx_word' id='word_1_313' title='bbox 967 2282 1115 2334; x_wconf 89' lang='lat' dir='ltr'>solum,</span> <span class='ocrx_word' id='word_1_314' title='bbox 1146 2283 1217 2324; x_wconf 91' lang='lat' dir='ltr'>sed</span> <span class='ocrx_word' id='word_1_315' title='bbox 1249 2287 1399 2324; x_wconf 89' lang='lat' dir='ltr'>ornatu</span> <span class='ocrx_word' id='word_1_316' title='bbox 1429 2288 1554 2336; x_wconf 91' lang='lat' dir='ltr'>atque</span> <span class='ocrx_word' id='word_1_317' title='bbox 1585 2283 1794 2333; x_wconf 89' lang='lat' dir='ltr'>comitatu,</span> <span class='ocrx_word' id='word_1_318' title='bbox 1826 2293 1910 2322; x_wconf 91' lang='lat' dir='ltr'>non</span> 
     </span>
     <span class='ocr_line' id='line_1_37' title="bbox 307 2335 1909 2393; baseline 0.003 -18"><span class='ocrx_word' id='word_1_319' title='bbox 307 2335 520 2389; x_wconf 85' lang='lat' dir='ltr'>flagrantia</span> <span class='ocrx_word' id='word_1_320' title='bbox 551 2338 765 2379; x_wconf 89' lang='lat' dir='ltr'>oculorum</span> <span class='ocrx_word' id='word_1_321' title='bbox 783 2339 904 2380; x_wconf 92' lang='lat' dir='ltr'>modo</span> <span class='ocrx_word' id='word_1_322' title='bbox 935 2344 975 2380; x_wconf 90' lang='lat' dir='ltr'>et</span> <span class='ocrx_word' id='word_1_323' title='bbox 1005 2340 1191 2382; x_wconf 87' lang='lat' dir='ltr'>libertate</span> <span class='ocrx_word' id='word_1_324' title='bbox 1207 2342 1423 2393; x_wconf 89' lang='lat' dir='ltr'>sermonis,</span> <span class='ocrx_word' id='word_1_325' title='bbox 1454 2341 1525 2382; x_wconf 89' lang='lat' dir='ltr'>sed</span> <span class='ocrx_word' id='word_1_326' title='bbox 1548 2341 1671 2381; x_wconf 89' lang='lat' dir='ltr'>etiam</span> <span class='ocrx_word' id='word_1_327' title='bbox 1689 2339 1909 2393; x_wconf 83' lang='lat' dir='ltr'>complexu</span> 
     </span>
     <span class='ocr_line' id='line_1_38' title="bbox 308 2394 1908 2452; baseline 0.003 -19"><span class='ocrx_word' id='word_1_328' title='bbox 308 2394 646 2449; x_wconf 91' lang='lat' dir='ltr'>osculationeque</span> <span class='ocrx_word' id='word_1_329' title='bbox 677 2398 719 2437; x_wconf 93' lang='lat' dir='ltr'>in</span> <span class='ocrx_word' id='word_1_330' title='bbox 763 2397 1050 2449; x_wconf 85' lang='lat' dir='ltr'>salutatione;“</span> <span class='ocrx_word' id='word_1_331' title='bbox 1084 2423 1138 2429; x_wconf 91' lang='lat'><em>-</em></span> <span class='ocrx_word' id='word_1_332' title='bbox 1177 2401 1303 2442; x_wconf 50' lang='lat'><strong>23:³7:</strong></span> <span class='ocrx_word' id='word_1_333' title='bbox 1348 2401 1414 2452; x_wconf 82' lang='lat' dir='ltr'>„in</span> <span class='ocrx_word' id='word_1_334' title='bbox 1452 2398 1655 2440; x_wconf 90' lang='lat' dir='ltr'>eiusmodi</span> <span class='ocrx_word' id='word_1_335' title='bbox 1693 2398 1827 2450; x_wconf 89' lang='lat' dir='ltr'>domo,</span> <span class='ocrx_word' id='word_1_336' title='bbox 1865 2399 1908 2439; x_wconf 90' lang='lat' dir='ltr'>in</span> 
     </span>
     <span class='ocr_line' id='line_1_39' title="bbox 308 2455 1908 2511; baseline 0.003 -20"><span class='ocrx_word' id='word_1_337' title='bbox 308 2464 389 2504; x_wconf 91' lang='lat' dir='ltr'>qua</span> <span class='ocrx_word' id='word_1_338' title='bbox 422 2458 550 2493; x_wconf 89' lang='lat' dir='ltr'>mater</span> <span class='ocrx_word' id='word_1_339' title='bbox 580 2455 755 2495; x_wconf 87' lang='lat' dir='ltr'>familias</span> <span class='ocrx_word' id='word_1_340' title='bbox 792 2457 1022 2497; x_wconf 89' lang='lat' dir='ltr'>meretricio</span> <span class='ocrx_word' id='word_1_341' title='bbox 1067 2470 1180 2498; x_wconf 93' lang='lat' dir='ltr'>more</span> <span class='ocrx_word' id='word_1_342' title='bbox 1211 2459 1333 2509; x_wconf 88' lang='lat' dir='ltr'>vivat,</span> <span class='ocrx_word' id='word_1_343' title='bbox 1380 2459 1423 2497; x_wconf 89' lang='lat' dir='ltr'>in</span> <span class='ocrx_word' id='word_1_344' title='bbox 1462 2470 1545 2511; x_wconf 89' lang='lat' dir='ltr'>qua</span> <span class='ocrx_word' id='word_1_345' title='bbox 1591 2456 1693 2497; x_wconf 89' lang='lat' dir='ltr'>nihil</span> <span class='ocrx_word' id='word_1_346' title='bbox 1729 2462 1908 2510; x_wconf 86' lang='lat' dir='ltr'>geratur,</span> 
     </span>
     <span class='ocr_line' id='line_1_40' title="bbox 307 2510 1907 2569; baseline 0.004 -21"><span class='ocrx_word' id='word_1_347' title='bbox 307 2510 417 2562; x_wconf 87' lang='lat' dir='ltr'>quod</span> <span class='ocrx_word' id='word_1_348' title='bbox 463 2511 571 2551; x_wconf 81' lang='lat' dir='ltr'>foras</span> <span class='ocrx_word' id='word_1_349' title='bbox 616 2511 911 2566; x_wconf 86' lang='lat' dir='ltr'>proferendum</span> <span class='ocrx_word' id='word_1_350' title='bbox 951 2516 1015 2566; x_wconf 91' lang='lat' dir='ltr'>sit,</span> <span class='ocrx_word' id='word_1_351' title='bbox 1060 2516 1101 2555; x_wconf 92' lang='lat' dir='ltr'>in</span> <span class='ocrx_word' id='word_1_352' title='bbox 1148 2529 1231 2569; x_wconf 88' lang='lat' dir='ltr'>qua</span> <span class='ocrx_word' id='word_1_353' title='bbox 1272 2516 1413 2569; x_wconf 87' lang='lat' dir='ltr'>lustra,</span> <span class='ocrx_word' id='word_1_354' title='bbox 1456 2514 1662 2566; x_wconf 90' lang='lat' dir='ltr'>libidines,</span> <span class='ocrx_word' id='word_1_355' title='bbox 1705 2514 1907 2565; x_wconf 77' lang='lat' dir='ltr'>luxurias,</span> 
     </span>
     <span class='ocr_line' id='line_1_41' title="bbox 307 2569 1908 2627; baseline 0.004 -22"><span class='ocrx_word' id='word_1_356' title='bbox 307 2569 445 2607; x_wconf 90' lang='lat' dir='ltr'>omnia</span> <span class='ocrx_word' id='word_1_357' title='bbox 476 2569 654 2622; x_wconf 86' lang='lat' dir='ltr'>denique</span> <span class='ocrx_word' id='word_1_358' title='bbox 685 2572 869 2612; x_wconf 89' lang='lat' dir='ltr'>inaudita</span> <span class='ocrx_word' id='word_1_359' title='bbox 892 2573 991 2613; x_wconf 88' lang='lat' dir='ltr'>vitia</span> <span class='ocrx_word' id='word_1_360' title='bbox 1022 2586 1069 2614; x_wconf 89' lang='lat' dir='ltr'>ac</span> <span class='ocrx_word' id='word_1_361' title='bbox 1099 2573 1254 2627; x_wconf 82' lang='lat' dir='ltr'>flagitia</span> <span class='ocrx_word' id='word_1_362' title='bbox 1275 2574 1528 2615; x_wconf 85' lang='lat' dir='ltr'>versentur.“</span> <span class='ocrx_word' id='word_1_363' title='bbox 1560 2596 1615 2602; x_wconf 88' lang='lat'><strong>—</strong></span> <span class='ocrx_word' id='word_1_364' title='bbox 1648 2572 1908 2626; x_wconf 86' lang='lat' dir='ltr'>Permagnus</span> 
     </span>
     <span class='ocr_line' id='line_1_42' title="bbox 306 2624 1908 2684; baseline 0.005 -21"><span class='ocrx_word' id='word_1_365' title='bbox 306 2624 383 2664; x_wconf 85' lang='lat' dir='ltr'>fuit</span> <span class='ocrx_word' id='word_1_366' title='bbox 415 2638 614 2668; x_wconf 87' lang='lat' dir='ltr'>numerus</span> <span class='ocrx_word' id='word_1_367' title='bbox 644 2641 800 2681; x_wconf 90' lang='lat' dir='ltr'>eorum,</span> <span class='ocrx_word' id='word_1_368' title='bbox 838 2630 991 2683; x_wconf 90' lang='lat' dir='ltr'>quibus</span> <span class='ocrx_word' id='word_1_369' title='bbox 1023 2631 1165 2672; x_wconf 90' lang='lat' dir='ltr'>Clodia</span> <span class='ocrx_word' id='word_1_370' title='bbox 1202 2632 1252 2672; x_wconf 88' lang='lat' dir='ltr'>ad</span> <span class='ocrx_word' id='word_1_371' title='bbox 1290 2631 1504 2672; x_wconf 89' lang='lat' dir='ltr'>libidinem</span> <span class='ocrx_word' id='word_1_372' title='bbox 1542 2630 1788 2684; x_wconf 81' lang='lat' dir='ltr'>explendam</span> <span class='ocrx_word' id='word_1_373' title='bbox 1818 2635 1908 2672; x_wconf 90' lang='lat' dir='ltr'>ute-</span> 
     </span>
     <span class='ocr_line' id='line_1_43' title="bbox 308 2681 1907 2742; baseline 0.004 -20"><span class='ocrx_word' id='word_1_374' title='bbox 308 2681 439 2723; x_wconf 87' lang='lat' dir='ltr'>batur.</span> <span class='ocrx_word' id='word_1_375' title='bbox 486 2683 550 2724; x_wconf 83' lang='lat' dir='ltr'>Ex</span> <span class='ocrx_word' id='word_1_376' title='bbox 583 2691 693 2726; x_wconf 86' lang='lat' dir='ltr'>tanta</span> <span class='ocrx_word' id='word_1_377' title='bbox 724 2688 1050 2729; x_wconf 90' lang='lat' dir='ltr'>adulescentium</span> <span class='ocrx_word' id='word_1_378' title='bbox 1081 2689 1247 2730; x_wconf 88' lang='lat' dir='ltr'>Clodiae</span> <span class='ocrx_word' id='word_1_379' title='bbox 1278 2689 1493 2730; x_wconf 88' lang='lat' dir='ltr'>lenociniis</span> <span class='ocrx_word' id='word_1_380' title='bbox 1523 2695 1748 2742; x_wconf 86' lang='lat' dir='ltr'>captorum·</span> <span class='ocrx_word' id='word_1_381' title='bbox 1767 2689 1907 2729; x_wconf 89' lang='lat' dir='ltr'>multi-</span> 
     </span>
     <span class='ocr_line' id='line_1_44' title="bbox 305 2740 1906 2800; baseline 0.005 -21"><span class='ocrx_word' id='word_1_382' title='bbox 305 2740 448 2781; x_wconf 89' lang='lat' dir='ltr'>tudine</span> <span class='ocrx_word' id='word_1_383' title='bbox 494 2755 538 2782; x_wconf 91' lang='lat' dir='ltr'>re</span> <span class='ocrx_word' id='word_1_384' title='bbox 581 2756 678 2784; x_wconf 79' lang='lat' dir='ltr'>vera</span> <span class='ocrx_word' id='word_1_385' title='bbox 723 2746 833 2786; x_wconf 89' lang='lat' dir='ltr'>illam</span> <span class='ocrx_word' id='word_1_386' title='bbox 879 2746 1075 2787; x_wconf 87' lang='lat' dir='ltr'>feminam</span> <span class='ocrx_word' id='word_1_387' title='bbox 1123 2747 1444 2800; x_wconf 85' lang='lat' dir='ltr'>pulcherrimam</span> <span class='ocrx_word' id='word_1_388' title='bbox 1482 2747 1611 2789; x_wconf 83' lang='lat' dir='ltr'>fuisse</span> <span class='ocrx_word' id='word_1_389' title='bbox 1663 2746 1906 2800; x_wconf 86' lang='lat' dir='ltr'>colligamus</span> 
     </span>
     <span class='ocr_line' id='line_1_45' title="bbox 307 2800 1907 2859; baseline 0.006 -22"><span class='ocrx_word' id='word_1_390' title='bbox 307 2811 472 2839; x_wconf 88' lang='lat' dir='ltr'>necesse</span> <span class='ocrx_word' id='word_1_391' title='bbox 502 2804 575 2840; x_wconf 88' lang='lat' dir='ltr'>est.</span> <span class='ocrx_word' id='word_1_392' title='bbox 622 2800 739 2849; x_wconf 89' lang='lat' dir='ltr'>Quod</span> <span class='ocrx_word' id='word_1_393' title='bbox 772 2803 980 2844; x_wconf 91' lang='lat' dir='ltr'>Ciceronis</span> <span class='ocrx_word' id='word_1_394' title='bbox 1011 2806 1141 2858; x_wconf 90' lang='lat' dir='ltr'>ipsius</span> <span class='ocrx_word' id='word_1_395' title='bbox 1171 2805 1405 2846; x_wconf 84' lang='lat' dir='ltr'>testimonio</span> <span class='ocrx_word' id='word_1_396' title='bbox 1436 2805 1735 2859; x_wconf 87' lang='lat' dir='ltr'>comprobatur.</span> <span class='ocrx_word' id='word_1_397' title='bbox 1778 2803 1907 2858; x_wconf 82' lang='lat' dir='ltr'>Saepe</span> 
     </span>
     <span class='ocr_line' id='line_1_46' title="bbox 303 2856 1905 2909; baseline 0.005 -14"><span class='ocrx_word' id='word_1_398' title='bbox 303 2856 508 2909; x_wconf 88' lang='lat' dir='ltr'>praedicat</span> <span class='ocrx_word' id='word_1_399' title='bbox 524 2859 666 2899; x_wconf 89' lang='lat' dir='ltr'>Cicero</span> <span class='ocrx_word' id='word_1_400' title='bbox 689 2859 853 2902; x_wconf 88' lang='lat' dir='ltr'>Clodiae</span> <span class='ocrx_word' id='word_1_401' title='bbox 882 2861 1058 2902; x_wconf 87' lang='lat' dir='ltr'>formam</span> <span class='ocrx_word' id='word_1_402' title='bbox 1088 2862 1318 2903; x_wconf 88' lang='lat' dir='ltr'>Junoniam</span> <span class='ocrx_word' id='word_1_403' title='bbox 1350 2867 1390 2904; x_wconf 90' lang='lat' dir='ltr'>et</span> <span class='ocrx_word' id='word_1_404' title='bbox 1420 2863 1637 2905; x_wconf 90' lang='lat' dir='ltr'>oculorum</span> <span class='ocrx_word' id='word_1_405' title='bbox 1669 2862 1905 2904; x_wconf 89' lang='lat' dir='ltr'>ardentium</span> 
     </span>
     <span class='ocr_line' id='line_1_47' title="bbox 260 2912 1903 2972; baseline 0.004 -19"><span class='ocrx_word' id='word_1_406' title='bbox 260 2917 274 2932; x_wconf 76' lang='lat'><strong>⁹</strong></span> <span class='ocrx_word' id='word_1_407' title='bbox 302 2912 577 2968; x_wconf 79' lang='lat' dir='ltr'>flagrantiam:</span> <span class='ocrx_word' id='word_1_408' title='bbox 609 2918 720 2971; x_wconf 89' lang='lat' dir='ltr'>epist.</span> <span class='ocrx_word' id='word_1_409' title='bbox 736 2932 843 2960; x_wconf 88' lang='lat' dir='ltr'>anno</span> <span class='ocrx_word' id='word_1_410' title='bbox 867 2921 1028 2971; x_wconf 75' lang='lat' dir='ltr'>695s59</span> <span class='ocrx_word' id='word_1_411' title='bbox 1046 2920 1097 2960; x_wconf 91' lang='lat' dir='ltr'>ad</span> <span class='ocrx_word' id='word_1_412' title='bbox 1110 2921 1298 2962; x_wconf 88' lang='lat' dir='ltr'>Atticum</span> <span class='ocrx_word' id='word_1_413' title='bbox 1315 2921 1392 2962; x_wconf 90' lang='lat' dir='ltr'>dat.</span> <span class='ocrx_word' id='word_1_414' title='bbox 1416 2921 1598 2972; x_wconf 85' lang='lat'>11.9.1;</span> <span class='ocrx_word' id='word_1_415' title='bbox 1627 2922 1750 2972; x_wconf 80' lang='lat'>12.2;</span> <span class='ocrx_word' id='word_1_416' title='bbox 1777 2922 1903 2971; x_wconf 82' lang='lat'>14.1;</span> 
     </span>
    </p>
   </div>
   <div class='ocr_carea' id='block_1_3' title="bbox 445 3041 1266 3091">
    <p class='ocr_par' dir='ltr' id='par_1_3' title="bbox 445 3041 1266 3091">
     <span class='ocr_line' id='line_1_48' title="bbox 445 3041 1266 3091; baseline 0.007 -14"><span class='ocrx_word' id='word_1_417' title='bbox 445 3041 473 3085; x_wconf 90' lang='lat'>¹)</span> <span class='ocrx_word' id='word_1_418' title='bbox 495 3041 565 3077; x_wconf 85' lang='lat' dir='ltr'>Cic.</span> <span class='ocrx_word' id='word_1_419' title='bbox 593 3053 624 3086; x_wconf 81' lang='lat' dir='ltr'>p.</span> <span class='ocrx_word' id='word_1_420' title='bbox 649 3043 684 3078; x_wconf 89' lang='lat' dir='ltr'>C.</span> <span class='ocrx_word' id='word_1_421' title='bbox 710 3045 729 3087; x_wconf 68' lang='grc' dir='ltr'><strong>ἓ</strong></span> <span class='ocrx_word' id='word_1_422' title='bbox 754 3047 798 3079; x_wconf 88' lang='grc'>36</span> <span class='ocrx_word' id='word_1_423' title='bbox 823 3048 858 3080; x_wconf 87' lang='lat' dir='ltr'>et</span> <span class='ocrx_word' id='word_1_424' title='bbox 882 3049 939 3081; x_wconf 83' lang='lat'>38.</span> <span class='ocrx_word' id='word_1_425' title='bbox 989 3045 1015 3089; x_wconf 81' lang='lat'>²)</span> <span class='ocrx_word' id='word_1_426' title='bbox 1040 3045 1062 3080; x_wconf 90' lang='lat'>1.</span> <span class='ocrx_word' id='word_1_427' title='bbox 1090 3057 1119 3081; x_wconf 92' lang='lat' dir='ltr'>c.</span> <span class='ocrx_word' id='word_1_428' title='bbox 1148 3058 1180 3091; x_wconf 91' lang='lat' dir='ltr'>p.</span> <span class='ocrx_word' id='word_1_429' title='bbox 1207 3051 1266 3083; x_wconf 73' lang='lat'>34.</span> 
     </span>
    </p>
   </div>
  </div>
 </body>
</html>
