1976 3294
702 149 873 189 —21
941 173 995 177 L„

21 293 153 343 'Quod
184 293 380 347 congruit
416 293 477 334 eis
515 304 622 346 quae
654 295 695 333 et
725 304 780 332 ex
812 291 1026 332 Ciceronis
1058 289 1252 331 Caeliana
1293 292 1334 330 et
1365 301 1418 330 ex
1451 287 1664 329 Ciceronis

19 352 305 407 epistularum
342 352 445 393 locis
493 350 784 406 quibusdam¹)
831 352 997 404 cognita
1043 349 1248 390 habemus
1290 348 1341 389 de
1389 347 1535 389 Caelii·
1555 347 1665 401 „vita

30 411 277 453 libidinibus
308 411 552 466 inquinata“
590 416 630 452 et
669 411 720 451 de
763 410 913 464 „rebus
944 410 1073 464 gestis
1105 409 1232 462 eius“,
1270 408 1309 449 h.
1349 420 1382 449 c.
1421 407 1578 461 stupris
1625 411 1666 447 et

20 471 257 513 adulteriis.
328 471 396 512 Ad
440 470 602 512 Rufum
651 482 821 524 quoqne
865 468 1133 510 referendum
1182 473 1244 509 est
1289 480 1321 509 c.
1359 465 1532 519 LXIX,
1579 478 1664 520 quo

0 530 166 579 ‚Rufus
198 532 312 572 hirco
344 531 538 571 laborans
569 529 716 570 acerbe
748 530 1021 583 vituperatur.
1068 527 1189 577 Quod
1204 528 1445 582 opinionem
1478 529 1663 567 nostram

31 603 116 631 non
148 594 283 645 potest
311 590 569 631 labefactare.
618 588 784 630 Scimus
805 587 965 630 Rufum
997 587 1127 629 fuisse
1158 588 1397 642 pulchrum,
1430 586 1501 627 sed
1523 597 1665 626 nonne

31 650 154 691 homo
187 654 227 690 et
264 649 443 690 candore
480 654 520 690 et
556 649 803 703 proceritate
840 653 881 689 et
918 647 1051 689 oculis
1088 647 1276 701 pulchris
1314 646 1493 700 insignis
1530 645 1664 685 hirco-

22 710 225 751 -sissimus
257 721 347 757 esse
392 711 539 763 potest,
578 707 764 762 quaero?
810 732 864 737 —
910 707 1131 748 Praeterea
1178 719 1231 747 ne
1278 718 1484 760 umquam
1528 706 1665 746 simus

23 768 150 810 obliti
182 781 310 823 quam
338 780 466 822 saepe
503 767 694 809 Catullus
731 768 774 807 in
814 767 992 808 aemulis
1025 767 1114 807 suis
1150 765 1375 806 irridendis
1414 765 1516 805 adeo
1556 764 1665 805 abri-

26 829 172 882 piatur
202 832 250 868 ut
265 832 381 868 trans
399 827 505 868 fines
522 827 708 868 veritatis
731 826 996 880 aliquantum
1015 829 1225 880 evagetur.
1258 825 1431 866 Praeter
1451 837 1483 865 c.
1518 822 1665 865 LXIX

31 889 74 928 in
113 886 272 928 Rufum
311 887 512 941 scriptum
552 891 615 927 est
651 898 683 928 c.
722 885 994 939 LXXV11.,2)
1033 897 1117 940 quo
1154 885 1258 926 vitio
1301 884 1505 925 tribuitur
1541 882 1665 934 Rufo,

25 946 146 1001 quod
193 947 376 987 amicitia
408 945 561 987 Catulli
604 945 800 986 simulata
843 946 992 986 intima
1022 944 1217 987 Lesbiam
1249 958 1273 985 a
1317 947 1439 998 poeta
1478 943 1584 983 clam
1626 948 1665 983 et

30 1005 172 1047 dolose
214 1005 560 1058 abalienaverit.3)
600 1004 753 1045 Errare
789 1010 929 1046 autem
969 1005 1069 1045 mihi
1105 1005 1271 1045 videtur
1307 1003 1552 1055 Schoellius,
1592 1003 1664 1056 qui
1715 1040 1717 1042 a

25 1066 154 1106 etiam
193 1077 360 1106 carmen
393 1065 670 1106 centesimum
709 1064 761 1105 ad
800 1063 960 1105 Rufum
997 1065 1207 1118 pertinere
1245 1064 1355 1104 dloat
1399 1068 1439 1104 et
1476 1061 1663 1103 Caelium

30 1124 320 1165 Veronensem
368 1124 550 1165 eundem
595 1136 685 1165 esse
730 1123 877 1178 probet
921 1137 1017 1164 cum
1064 1123 1119 1164 M.
1152 1123 1291 1164 Caelio
1335 1122 1445 1163 Rufo
1492 1125 1663 1163 oratore.

32 1183 186 1225 Melius
231 1184 396 1238 placere
441 1187 577 1238 potest
622 1183 676 1236 id,
725 1184 837 1238 quod
877 1183 928 1224 de
965 1196 998 1223 c.
1030 1182 1184 1234 LVIII,
1227 1182 1462 1224 Schoellius
1509 1180 1664 1229 dixit.⁴‘)
1729 1233 1730 1236 Ἴ

23 1242 154 1292 *Quod
186 1256 354 1284 carmen
386 1243 577 1298 plerique
607 1244 688 1283 viri
721 1244 830 1284 docti
863 1243 912 1283 ad
947 1242 1129 1283 eundem
1162 1241 1351 1283 Caelium
1375 1242 1664 1282 Veronensem

24 1307 220 1357 spectare
265 1306 427 1357 putant,
480 1302 714 1344 Schoellius
761 1306 901 1343 autem
948 1303 1064 1343 vocis
1110 1301 1226 1343 illius
1279 1301 1452 1355 „Lesbia
1499 1302 1665 1341 nostra“

25 1363 239 1416 imprimis
286 1363 446 1403 ratione
492 1361 632 1402 habita
669 1375 700 1403 c.
733 1361 884 1403 LVIII.
932 1362 984 1402 ad
1022 1361 1211 1402 Caelium
1248 1360 1410 1402 Rufum
1458 1364 1663 1402 oratorem

32 1421 193 1462 rettulit
229 1421 370 1463 verbis
416 1422 547 1462 hisce:
598 1422 697 1475 „Bei
745 1422 818 1462 der
853 1421 1095 1473 Thatsache,
1142 1421 1238 1462 dass
1284 1422 1352 1461 ein
1385 1419 1551 1461 Caelius
1599 1420 1666 1460 die

28 1480 178 1522 Clodia
208 1480 363 1534 geliebt
395 1481 517 1534 hatte,
556 1480 623 1521 bei
649 1481 743 1522 dem
776 1481 975 1522 weiteren
1006 1479 1156 1521 Zusatz
1189 1480 1272 1533 illa,
1313 1494 1440 1534 quam
1474 1478 1665 1520 Catullus

34 1554 163 1581 unam
196 1542 351 1581 amavit
382 1541 436 1581 ist
467 1553 511 1581 es
528 1540 784 1594 unmoglich,
817 1540 890 1581 das
907 1539 1057 1581 Lesbia
1088 1544 1230 1581 nostra
1262 1540 1413 1581 anders
1443 1553 1499 1580 zu
1514 1539 1665 1583 sassen-

33 1600 95 1641 als
127 1601 186 1640 im
218 1599 494 1654 cigentlichen
528 1599 675 1641 Sinne:
725 1613 777 1640 an
811 1598 976 1640 Caelius
1007 1600 1159 1653 gerade
1198 1599 1363 1640 wendet
1400 1599 1489 1640 sich
1531 1599 1667 1640 dieser

32 1658 271 1711 Aufschrei,
302 1659 397 1699 weil
414 1659 520 1699 auch
538 1672 583 1700 er
614 1659 681 1700 bei
712 1659 848 1700 dieser
862 1659 1347 1712 Herabgekommenheit
1369 1659 1443 1700 der
1464 1658 1663 1699 friiheren

28 1718 124 1759 Zeit
154 1719 267 1759 ihrer
281 1717 408 1759 Liebe
440 1718 617 1771 denken,
650 1719 723 1759 das
746 1719 976 1771 ehemalige
992 1719 1236 1759 Verbaltnis
1259 1732 1314 1759 zu
1327 1720 1468 1760 einem
1493 1718 1662 1759 solchen

33 1777 182 1819 Weibe
213 1777 414 1831 beklagen
442 1779 636 1819 rnusste.“
669 1802 724 1807 —
757 1777 873 1819 Haec
905 1777 1131 1819 habuimus
1163 1791 1271 1832 quae
1303 1778 1353 1819 de
1386 1777 1523 1819 Caeli0
1554 1777 1664 1819 Rufo

38 1838 222 1891 primum
255 1838 402 1889 amico,
432 1841 525 1878 tum
557 1837 722 1878 aemulo
755 1837 907 1878 Catulli
940 1838 1188 1879 diceremus.

178 1896 322 1937 Alium
353 1898 397 1937 in
439 1909 580 1937 amore
618 1896 791 1938 Lesbiae
829 1897 1005 1938 rivalem
1042 1896 1243 1938 Lesbium
1283 1897 1496 1951 quendam
1535 1897 1667 1938 fuisse

26 1956 203 1997 scimus.
271 1955 316 1997 Si
353 1954 502 1997 Lesbia
539 1957 592 1997 sit
629 1956 774 1997 Clodia
811 1955 952 1997 Lesbii
990 1957 1162 1997 nomine
1201 1956 1397 1998 Clodium
1437 1956 1666 2011 significari

34 2019 145 2056 recte
177 2015 390 2056 concludit
411 2015 614 2056 Muretus.
646 2014 785 2056 Liceat
816 2016 920 2056 mihi
951 2028 1118 2057 carmen
1149 2016 1255 2057 illud
1277 2014 1469 2057 LXXIX
1501 2015 1665 2057 afferre:

246 2084 420 2128 „Lesbius
444 2086 497 2119 est
521 2085 685 2129 pulcher:
711 2085 862 2129 quidni?
889 2095 993 2129 quem
1019 2084 1147 2120 Lesbia
1171 2085 1272 2120 malit

247 2142 353 2177 quam
377 2135 412 2166 te
438 2143 520 2167 cum
545 2134 618 2167 tota
642 2136 755 2176 gente,
783 2132 929 2177 Catulle,
955 2134 1027 2167 tua.

248 2179 312 2214 sed
335 2181 453 2214 tamen
479 2180 540 2215 hic
564 2180 713 2224 pulcher
737 2180 868 2215 vendat
893 2191 976 2216 cum
1001 2181 1103 2225 gente
1130 2180 1308 2215 Catullum
1340 2196 1342 2198 ·

246 2227 277 2261 si
301 2227 371 2261 tria
393 2229 554 2262 natorum
579 2228 679 2262 savia
703 2228 934 2272 reppererit.“

35 2284 241 2334 Quisnam
279 2290 418 2328 autem
457 2287 508 2328 de
543 2291 668 2342 gente
707 2287 948 2329 Clodiorum
987 2288 1055 2329 hic
1092 2288 1223 2330 fuisse
1262 2288 1434 2330 Clodius
1471 2289 1666 2331 videtur?

33 2343 132 2394 Qua
162 2345 206 2385 in
237 2357 283 2386 re
313 2346 398 2386 iam
430 2346 667 2401 discrepant
697 2348 808 2388 inter
839 2360 884 2389 se
901 2347 1094 2389 Muretus
1126 2352 1166 2389 et
1196 2349 1348 2390 Justus
1365 2348 1544 2403 Lipsius.
1591 2349 1668 2390 Ille

30 2403 211 2457 -quidem
241 2403 398 2445 iudicat
429 2405 524 2446 hoc:
563 2406 628 2458 „id
661 2408 795 2459 magis
835 2411 882 2447 ut
913 2408 1101 2461 suspicer
1138 2407 1236 2448 facit
1274 2408 1464 2449 additum
1501 2408 1668 2463 pulchri

38 2475 210 2503 nomen:
259 2463 336 2504 hoc
374 2464 486 2504 enim
525 2467 774 2518 cognomine
821 2466 952 2507 fuisse
990 2465 1183 2507 Clodium
1232 2479 1378 2509 omnes
1416 2469 1574 2509 sciunt:
1621 2473 1669 2508 ut

33 2527 160 2576 ,poeta
189 2523 234 2562 in
273 2522 545 2578 ambiguitate
581 2525 697 2565 vocis
728 2526 856 2566 iocari
888 2525 1073 2566 voluisse
1110 2526 1315 2568 videatur.
1376 2527 1440 2568 Ita
1477 2529 1590 2569 enIm
1629 2532 1669 2569 et

34 2581 184 2622 Ci0ero
215 2580 284 2636 (ad
314 2582 399 2625 Att.
433 2582 463 2624 Ι.
511 2584 633 2635 16.ιο;
674 2583 722 2625 cf.
760 2584 813 2626 II.
850 2585 916 2626 1‚4.
961 2585 1081 2638 221.)
1112 2586 1256 2627 iocans
1288 2598 1387 2627 eum
1425 2586 1668 2641 ,pulcellum

37 2642 229 2694 puerum‘
266 2646 396 2682 vocat.
444 2654 488 2683 re
519 2654 620 2683 vera
650 2646 792 2684 autem
829 2643 1054 2697 pulchrum
1086 2643 1217 2686 fuisse
1233 2645 1360 2686 tradit
1375 2645 1668 2689 Plutaroh11s.“

40 2698 168 2740 Putat
196 2699 326 2753 igitur
357 2699 550 2742 Muretus
580 2702 711 2743 fuisse
747 2702 868 2744 illum
907 2703 952 2745 P.
993 2703 1188 2746 Clodium
1225 2703 1457 2746 Pulchrum
1496 2706 1665 2747 fratrem

32 2757 183 2799 Clodia
214 2761 316 2799 natu
345 2760 563 2802 minorem.
624 2760 720 2803 Non
752 2763 810 2803 ita
839 2761 867 2803 J
871 2767 991 2804 ustus
1022 2762 1202 2817 Lipsius,
1235 2765 1309 2818 qui
1340 2766 1400 2806 sic
1433 2765 1484 2807 de
1516 2766 1593 2806 hac
1624 2778 1669 2807 re

183 2850 210 2895 ¹)
237 2851 281 2887 ef.
307 2850 384 2887 Val.
409 2851 553 2888 Maxim.
578 2853 641 2890 IV.
668 2857 700 2890 2.
728 2858 766 2897 ’ῖς
811 2854 956 2897 Quintil.
982 2856 1011 2892 I.
1039 2859 1073 2891 (5.
1101 2859 1162 2900 293
1207 2856 1281 2893 Cic.
1316 2858 1361 2893 ad
1386 2858 1469 2893 fam.
1503 2859 1550 2894 H.
1580 2863 1668 2902 15.5;

39 2896 138 2941 VIII,
170 2901 238 2941 733
275 2898 319 2934 ef.
351 2898 443 2936 Cael.
474 2901 519 2935 ad
552 2901 624 2937 Cio.
650 2901 733 2937 fam.
766 2901 868 2937 VIII.
899 2906 988 2946 1233
1024 2907 1107 2939 14.4.
1162 2903 1189 2948 2)
1214 2904 1424 2940 Schwabius
1456 2917 1486 2942 c.
1512 2905 1670 2941 LXXIII

33 2954 177 2998 quoque
213 2945 250 2979 in
281 2944 411 2981 Rufum
443 2947 614 2992 scriptum
646 2959 723 2984 esse
754 2952 864 2994 putat.
898 2949 922 2985 1.
957 2962 988 2986 c.
1027 2961 1104 2995 pag.
1136 2955 1193 2988 85.
1245 2951 1271 2995 3)
1297 2953 1431 2988 Eadem
1462 2953 1547 2998 fere,
1581 2964 1670 2998 quae

42 2991 103 3027 hio
121 3038 128 3045 ⁸
148 2992 376 3045 exposuimus
405 2993 449 3028 de
493 2995 709 3031 carminibus
748 2997 792 3031 ad
827 2996 959 3032 Rufum
989 2997 1181 3043 trahendis,
1220 2998 1501 3045 Wegehauptius
1533 3012 1671 3045 qnoque

31 3040 157 3080 sensit,
201 3050 238 3074 in
275 3043 533 3084 programmate
576 3042 851 3084 V'ratislaviensi,
894 3045 953 3080 cui
996 3045 1140 3080 titulum
1171 3047 1370 3092 inscripsit:
1413 3047 1488 3092 „M.
1530 3049 1672 3084 Caelius

38 3084 187 3122 Rustrs‘fl
215 3107 259 3112 —
289 3091 390 3124 1878.
439 3087 468 3133 ⁴)
493 3088 605 3125 annal.
636 3089 754 3134 philol.
781 3090 928 3136 XXV1.‚
960 3102 1038 3138 pag.
1064 3097 1134 3129 483
1159 3103 1210 3138 sq.
1627 3123 1629 3125 ·
