1976 3294
745 153 1007 194 „9-

207 296 338 338 Maior
384 301 472 338 erat
509 296 683 338 Lesbiae
730 298 929 337 venustas
973 299 1013 336 et
1059 293 1341 349 pulchritudO,
1389 305 1516 346 quam
1563 294 1612 332 ut
1659 291 1697 331 ei

59 356 253 399 Catullus
284 357 476 398 resistere
507 360 657 411 posset.
719 353 826 404 Quid
861 354 1046 396 mirum‘.>
1108 353 1270 395 Floruit
1307 351 1458 393 Lesbia
1496 349 1694 392 omnibus

64 417 295 469 lenociniis,
329 416 449 457 bonis
481 421 521 457 et
552 415 737 470 corporis
769 418 809 456 et
825 414 979 455 animi!
1016 412 1230 455 Conemur
1260 411 1436 453 Lesbiae
1466 411 1695 467 imaginem

64 476 298 528 restituere,
330 488 458 530 quam
491 474 661 529 quidem
693 473 920 529 praebeant
951 473 1105 515 Catulli
1143 473 1338 514 carmina.
1402 470 1511 512 Satis
1552 469 1698 510 multis

66 535 168 576 locis
200 536 312 576 enim
337 536 492 576 eximia
510 534 643 575 forma
661 539 701 575 et
716 533 985 588 pulchritudo
1002 532 1176 574 Lesbiae
1198 531 1473 586 praedicatur.
1519 529 1698 570 Etiamsi

61 595 347 636 concedamus
379 606 550 636 necesse
581 598 643 635 est
686 592 884 635 omnibus
919 592 1006 645 fere
1052 590 1293 633 amantibus
1335 589 1496 645 puellas
1540 592 1699 630 amatas

66 654 372 709 pulcherrimas
401 666 506 694 -esse
553 653 698 705 videri,
743 657 883 694 tamen
916 665 1002 693 non
1039 655 1102 693 est
1149 651 1262 705 quod
1309 649 1472 691 Catullo
1519 650 1697 690 amicam

66 714 322 768 praedicanti
354 712 602 755 diffidamus.
650 712 718 753 Ex
749 711 916 753 duobus
932 711 1141 766 imprimis
1164 709 1437 762 carminibus,
1468 721 1501 751 c.
1539 707 1697 749 XLIII.

68 778 109 814 et
138 786 170 814 c.
202 771 460 824 LXXXVI,
491 771 728 826 colligimus
759 771 954 813 Lesbiam
986 783 1030 812 re
1047 783 1146 812 vera
1176 770 1524 810 formosissimam
1554 767 1696 809 fuisse.

69 832 342 886 Comparatur
387 832 452 874 his
499 830 756 872 carminibus
788 830 938 872 Lesbia
976 843 1073 871 cum
1118 829 1210 870 aliis
1257 827 1508 870 mulieribus
1539 828 1609 879 ita,
1654 832 1700 868 ut

69 891 332 946 singularum
364 891 549 945 corporis
566 892 772 932 virtutum
806 890 1013 944 quaedam
1046 890 1168 944 quasi
1199 889 1387 930 recensio
1418 887 1500 929 fiat.
1546 886 1699 928 Omnia

69 963 116 992 ea
157 950 484 1005 pulchritudinis
522 951 654 1005 signa,
693 962 800 1004 quae
838 950 1025 991 carmine
1060 948 1216 990 XLIII.
1265 949 1424 989 amicae
1469 947 1700 988 decoctoris

67 1010 279 1051 Formiani
311 1010 455 1052 deesse
486 1009 699 1063 dicuntur,
743 1009 942 1050 videntur
971 1008 1102 1050 fuisse
1138 1007 1323 1050 Lesbiae.
1384 1007 1570 1061 Insignis
1601 1018 1700 1060 ergo

69 1072 156 1110 erat
187 1070 362 1110 minimo
400 1082 516 1122 naSO,
561 1069 670 1110 bello
716 1069 833 1123 pede,
880 1070 1011 1123 nigris
1059 1068 1212 1120 ocellis,
1259 1067 1396 1121 longis
1429 1067 1582 1121 digitis,
1629 1078 1700 1106 ore

68 1130 190 1174 sicco.
221 1128 410 1183 elegante
426 1129 581 1183 lingua.
629 1128 771 1182 „Molli
790 1128 917 1182 pede“
942 1129 1142 1169 amasiam
1159 1128 1290 1168 fuisse
1312 1130 1433 1181 poeta
1464 1139 1496 1167 c.
1515 1124 1701 1168 LXVIII

68 1201 104 1230 V.
143 1189 216 1230 70:
248 1201 356 1243 „quo
388 1201 455 1229 me
472 1201 517 1230 se
551 1188 667 1229 molli
699 1188 875 1228 candida
907 1188 1002 1228 diva
1039 1187 1144 1242 pede
1174 1187 1340 1227 intulit“
1380 1198 1551 1240 quoque
1589 1197 1702 1226 com-

68 1252 284 1299 memorat,
315 1247 461 1299 „dulce
478 1248 707 1289 ridentem“
722 1249 912 1288 nominat
943 1260 975 1289 c.
1009 1246 1064 1288 LI
1087 1260 1124 1288 v„
1149 1248 1186 1288 5.
1226 1245 1422 1287 Carmine
1453 1243 1700 1286 LXXXVI.
1761 1273 1764 1276 -

69 1307 251 1361 denique
289 1306 478 1348 Catullus
517 1306 713 1356 Quintiae
757 1307 976 1348 cuiusdam
1015 1306 1317 1347 formositatem
1357 1318 1381 1345 a
1414 1305 1557 1346 multis
1595 1304 1701 1346 cele-

69 1366 228 1407 bratam
244 1366 441 1408 versibus
459 1366 632 1408 efferens
649 1366 877 1420 „Lesbiam,
895 1379 992 1407 cum
1009 1366 1290 1420 pulcherrima
1305 1369 1392 1406 tota
1409 1366 1474 1417 sit,
1505 1364 1702 1405 omnibus

71 1439 199 1466 unam
217 1438 363 1467 omnes
380 1427 635 1481 surripuisse
643 1426 854 1467 Veneres“
873 1426 982 1469 dicit.
1010 1425 1346 1466 Pulcherrimam
1359 1424 1490 1465 fuisse
1506 1423 1701 1465 Lesbiam

71 1485 361 1526 ardentissimo
395 1498 565 1540 quoque
597 1498 695 1538 erga
726 1498 817 1526 eam
842 1480 983 1526 amore
998 1489 1143 1539 poetae
1160 1488 1200 1526 et
1231 1485 1417 1525 maximo
1434 1484 1702 1525 aemulorum

73 1557 179 1598 quos
210 1544 355 1585 habuit
385 1558 562 1586 numero
595 1544 916 1598 confirmatur.¹)
949 1544 1026 1586 Cui
1050 1545 1222 1586 candori
1243 1545 1387 1585 iuncta
1407 1543 1488 1584 fuit
1504 1546 1704 1584 venustas

70 1603 154 1655 illa,
187 1617 294 1657 quae
325 1605 368 1644 in
401 1604 541 1659 lepore
571 1604 816 1658 facetiisque
848 1605 1042 1646 cernitur.
1107 1603 1213 1645 Cum
1246 1616 1348 1645 sono
1381 1604 1619 1644 carminum
1651 1603 1703 1643 ad

71 1662 264 1704 Lesbiam
308 1665 607 1717 pertinentium
661 1668 752 1705 tum
807 1668 904 1705 voto
965 1663 1129 1718 puellae
1176 1677 1207 1705 c.
1266 1662 1477 1704 XXXVI.
1534 1664 1703 1704 enarato

73 1722 383 1764 demonstratur
398 1722 589 1764 Lesbiam
604 1725 773 1778 ingenio
790 1729 875 1764 no'n
907 1723 1089 1764 absurdo
1123 1723 1466 1764 nec-eruditionis
1489 1726 1704 1776 expertem

74 1781 215 1823 fuisse.
278 1781 382 1823 Cum
423 1784 535 1824 enim
575 1782 765 1824 Catullus
803 1787 944 1823 narret
982 1782 1174 1824 Lesbiam
1215 1783 1392 1835 vovisse,
1431 1782 1467 1823 si
1503 1783 1591 1836 ipse
1624 1781 1703 1822 sibi

76 1844 184 1882 esset
220 1842 452 1895 restitutus,
496 1854 540 1883 se
583 1843 755 1896 pessimi
793 1846 936 1896 poetae
975 1843 1162 1888 carmina
1200 1842 1290 1896 igni
1326 1841 1576 1882 tradituram
1614 1853 1705 1882 esse

73 1924 130 1930 -
162 1900 434 1954 „electissima
465 1902 637 1956 pessimi
673 1906 817 1956 poetae
849 1903 1023 1956 scripta“
1057 1927 1112 1931 -
1144 1901 1373 1942 verisimile
1404 1901 1572 1942 videtur
1606 1900 1706 1942 Les-

76 1958 188 2000 biam
234 1959 384 2001 litteris
430 1973 594 2015 operam
645 1961 818 2003 dedisse.
882 1961 1042 2002 Versus
1088 1973 1187 2002 vero
1233 1960 1426 2002 Lesbiam
1472 1974 1560 2002 una
1605 1973 1703 2001 cum

76 2017 238 2060 Catullo
268 2020 476 2074 pepigisse
507 2020 705 2062 Sidonius
736 2020 993 2075 Apollinaris
1026 2024 1178 2072 narrat,
1210 2021 1350 2075 (cuius
1373 2021 1507 2061 curin
1528 2019 1706 2061 dubium

75 2090 275 2120 vocemus
321 2080 608 2120 testimonium
657 2092 783 2121 causa
826 2093 911 2120 non
959 2081 1038 2132 est)
1084 2079 1225 2121 verbis
1271 2079 1441 2133 hisce:‘2)
1483 2078 1627 2132 „Certe
1670 2080 1706 2120 si

72 2141 238 2191 ‚praeter
268 2150 355 2179 rem
389 2140 611 2180 oratoriam
645 2139 919 2180 contubernio
950 2139 1203 2180 feminarum
1243 2140 1454 2193 poeticum
1486 2140 1707 2193 ingenium

77 2199 118 2237 et
132 2196 216 2238 oris
247 2198 311 2238 tui
323 2197 468 2242 limam
499 2198 786 2253 frequentium
805 2199 1041 2246 studiorum
1074 2198 1238 2240 cotibus
1255 2198 1483 2253 expolitam
1517 2199 1707 2252 quereris

71 2254 264 2309 obtundi,
295 2258 564 2299 reminiscere
597 2258 709 2312 quod
741 2271 863 2313 saepe
894 2271 1065 2299 versum
1085 2257 1268 2299 Corinna
1299 2271 1398 2299 cum
1429 2271 1507 2299 suo
1539 2257 1708 2299 Nasone

73 2314 313 2368 complevit,
351 2315 500 2357 Lesbia
531 2330 629 2358 cum
662 2316 836 2370 Catullo,
874 2316 1103 2359 Caesennia
1140 2330 1239 2359 cum
1278 2317 1506 2369 Gaetulico,
1543 2318 1707 2372 Argen-

74 2373 184 2413 taria
221 2386 317 2414 cum
355 2373 538 2424 Lucano,
575 2375 754 2429 Cynthia
791 2390 891 2417 cum
928 2376 1159 2431 Propertio,
1199 2376 1317 2418 Delia
1355 2390 1453 2418 cum
1489 2377 1706 2418 Tibullo?“

82 2456 136 2461 —
167 2431 256 2474 Nec
287 2432 431 2475 dubito
470 2435 572 2488 quin
612 2434 802 2477 Catullus
832 2435 984 2477 Lebiae
1023 2437 1193 2477 nomine
1229 2436 1325 2477 ficto
1363 2436 1547 2491 puellam
1585 2450 1708 2478 suam

77 2490 159 2532 'hac
189 2491 240 2532 de
277 2504 401 2534 causa
448 2494 725 2546 adornaverit,
768 2495 880 2548 quod
925 2495 1076 2536 studiis
1123 2508 1172 2536 ea
1214 2497 1386 2550 poeticis
1433 2496 1572 2537 dedita
1614 2496 1706 2538 fuit.

83 2550 200 2592 Adeo
230 2551 393 2607 puellae
424 2557 644 2594 venustate
676 2557 716 2594 et
747 2541 952 2595 suavitat'e
984 2553 1175 2596 Catullus
1207 2556 1406 2610 deceptus
1444 2559 1544 2609 erat,
1579 2560 1628 2597 ut
1663 2557 1706 2596 in

82 2609 174 2650 eius
219 2609 386 2663 „furtis“
432 2612 701 2666 indulgenter
747 2614 959 2654 coniveret
1005 2615 1229 2668 variasque
1283 2627 1431 2656 causas
1475 2615 1708 2656 excusandi

74 2667 303 2722 colligeret.
365 2669 531 2720 Quanto
569 2671 716 2713 ardore
761 2676 881 2727 poeta
913 2674 1116 2714 amaverit
1161 2673 1355 2715 versibus
1400 2674 1483 2716 illis
1530 2675 1710 2716 ostendit

75 2728 280 2774 carminis
317 2727 521 2772 LXVIII:
569 2730 645 2784 „Et
683 2730 806 2786 long'e
853 2736 949 2773 ante
996 2745 1142 2774 omnes
1181 2734 1286 2774 mihi
1324 2746 1432 2788 quae
1471 2746 1537 2775 me
1575 2735 1710 2775 carior

83 2786 223 2840 ipsost,
253 2786 331 2828 lux
360 2801 464 2844 mea,
497 2803 581 2844 qua
613 2791 708 2831 viva
739 2792 882 2832 vivere
914 2792 1037 2833 dulce
1069 2792 1248 2834 111ihist.“

226 2845 454 2890 Venustate
495 2849 668 2891 Lesbiae
714 2850 902 2892 fervidus
949 2851 1229 2893 adulescentis
1275 2853 1446 2894 animus
1494 2852 1711 2894 celerrime

76 2907 229 2958 -captus
260 2908 332 2946 est.
379 2905 459 2948 Sed
492 2921 559 2950 res
591 2909 789 2951 adversae
824 2911 1067 2964 quomimus
1100 2912 1239 2952 statim
1272 2916 1432 2954 amatae
1464 2909 1710 2954 se'coniun-

225 3044 250 3086 ¹)
276 3046 375 3099 cf..e.
400 3045 464 3082 XI.
478 3059 512 3082 v.
540 3052 598 3091 183
625 3060 653 3084 0.
679 3049 859 3085 XXXVII
885 3061 918 3086 v.
946 3055 965 3086 7
982 3053 1017 3085 et
1042 3055 1100 3094 15:
1127 3062 1158 3087 c.
1172 3051 1375 3087 LXXXVI.
1416 3052 1443 3096 ‘·')
1470 3053 1572 3097 epist.
1594 3053 1640 3089 II.
1658 3056 1712 3089 10.

27 3118 31 3124 .
75 3101 157 3136 pag.
183 3095 263 3128 900.
290 3092 423 3137 (sirm.)
670 3107 675 3113 ·
