1976 3294
708 163 1000 202 -27-

39 318 153 346 nunc
185 305 355 360 quidem
401 306 445 346 in
493 304 750 347 carminibus
796 305 1237 347 commemorationem
1277 316 1362 344 non
1395 302 1675 354 inveniamus,

38 368 153 406 tanto
184 377 326 406 amore
357 364 599 420 amplexum
632 376 734 418 esse,
767 369 923 419 quanto
958 363 1180 406 Lesbiam?
1212 388 1268 393 —
1300 361 1494 404 Minime!
1528 387 1584 392 —
1615 361 1674 402 At

40 423 228 465 Catullus
250 423 396 465 habuit
411 426 455 465 in
473 424 635 465 deliciis
657 424 759 465 alias
789 423 977 479 puellas?
1011 449 1066 454 -
1097 422 1259 464 Habuit
1291 415 1675 476 sanez’Ipsitillam,

40 482 292 537 Aufilenam,
323 485 570 537 Ameanam,
600 483 774 525 fortasse
805 483 907 525 alias
940 495 1108 538 quoque
1122 482 1410 524 meretriculas
1425 481 1672 523 levissimas.

41 542 122 584 Sed
154 555 208 584 ex
240 544 380 584 animo
411 543 504 584 illas
551 556 635 584 non
668 544 836 594 amavit,
867 542 918 584 ad
949 542 1147 584 libidines
1178 541 1288 583 solas
1318 541 1553 596 implendas
1584 551 1674 580 rem

44 614 139 643 011111
173 603 233 644 018
265 602 410 644 habuit
429 601 470 657 ¹).
503 602 701 644 Carmina
717 602 768 643 ad
800 603 902 644 istas
920 614 1089 657 quoque
1111 601 1235 655 dedit,
1267 601 1341 642 sed
1364 614 1490 656 quam
1509 600 1675 641 diversa

41 665 140 702 sunt
200 661 302 703 haec
363 662 549 703 carmina
611 661 662 703 ab
725 663 797 715 eis,
865 674 972 716 quae
1040 661 1092 702 ad
1152 660 1348 703 Lesbiam
1409 673 1486 701 sua
1547 659 1676 711 misit,

42 734 169 775 quam
187 721 399 763 diversum
418 722 578 776 spirant
590 722 798 762 amorem!
835 721 973 763 Unam
988 720 1180 762 Lesbiam
1202 733 1300 761 vere
1322 720 1572 774 sincereque
1588 731 1611 759 a
1629 730 1673 759 se

42 785 223 821 amatam
261 793 352 822 esse
391 780 582 822 Catullus
625 782 714 836 ipse
751 782 918 835 saepius
958 782 1002 821 in
1043 779 1302 822 carminibus
1339 778 1559 833 profitetur
1599 790 1677 818 nec

41 843 104 881 est
135 840 248 894 quod
280 841 318 881 ei
349 839 600 882 diffidamus.
662 841 721 881 At
752 841 938 882 carmine
970 838 1046 882 68¹³
1083 839 1263 881 celebrat
1298 839 1512 891 feminam,
1545 850 1674 892 quam

41 912 65 939 a
96 898 259 940 Catullo
291 900 502 940 exanimo
535 900 728 941 dilectam
754 912 845 941 esse
877 912 1001 941 nemo
1025 898 1221 954 negabit.v
1253 897 1371 948 Quae
1395 899 1499 952 quin
1522 896 1675 939 Lesbia

40 958 167 999 fuerit
198 958 376 1000 dubium
407 971 498 1000 esse
530 972 615 1000 non
647 963 790 1014 potest.

181 1017 309 1059 Haud
341 1019 427 1059 scio
459 1032 510 1059 an
545 1019 611 1060 1110
643 1020 696 1060 sit
727 1019 844 1060 locus
876 1018 1081 1060 nonnulla
1113 1017 1346 1059 disserendi
1378 1017 1429 1058 de
1461 1029 1509 1058 eo
1538 1015 1677 1069 modo,

39 1089 123 1130 quo
154 1077 236 1118 viri
268 1077 378 1119 docti
410 1078 538 1119 huius
571 1079 769 1120 carminis
802 1082 940 1133 partes
971 1079 1205 1120 statuerint.
1269 1078 1411 1131 Atque
1443 1076 1495 1117 de
1525 1075 1675 1117 Ellisio

42 1136 226 1190 quidem,
259 1138 333 1191 qui
363 1137 542 1178 fanatice
573 1143 728 1179 sectam
762 1151 908 1179 eorum
941 1137 1190 1191 aemulatur,
1224 1137 1297 1191 qui
1331 1137 1472 1177 omnia
1489 1136 1676 1176 carmina

41 1195 92 1236 ad
139 1200 272 1238 certas
318 1196 626 1251 aequabilitatis
672 1198 840 1253 regulas
887 1200 1033 1239 exacta
1079 1209 1170 1238 esse
1215 1200 1376 1251 putent,
1422 1195 1545 1250 plura
1591 1207 1676 1235 non

43 1255 245 1308 dicemus,
276 1269 375 1297 nam
408 1269 503 1297 cum
538 1257 621 1298 duo
653 1257 725 1298 illa
756 1257 958 1301 carmina.
973 1270 1110 1298 unum
1134 1268 1225 1298 esse
1242 1260 1395 1309 censet,
1425 1261 1518 1296 tum
1550 1255 1678 1295 nimis

40 1314 196 1356 multos
227 1328 376 1357 versus
401 1316 656 1370 supplendos
688 1329 778 1358 esse
794 1317 961 1358 iudicat.
997 1316 1157 1357 Versus
1173 1317 1380 1357 41--160
1411 1314 1678 1367 A.Weisius,

47 1373 275 1427 Usenerus,
322 1375 608 1430 Westphalius
651 1389 726 1431 pro
774 1389 818 1418 se
867 1377 1049 1430 quisque
1094 1379 1328 1416 tractarunt
1375 1378 1415 1415 et
1456 1375 1499 1414 in
1538 1377 1679 1428 partes

41 1434 237 1487 aequales
269 1440 634 1490 congruentesque
666 1436 910 1477 diviserunt.
958 1435 1027 1476 Ex
1059 1435 1123 1476 his
1156 1434 1348 1476 versibus
1379 1434 1567 1483 Weisius
1598 1434 1680 1473 tria

42 1494 229 1534 carmina
260 1506 361 1535 casu
392 1494 534 1549 aliquo
565 1499 685 1549 putat
715 1496 757 1536 111
797 1508 934 1536 unum
967 1495 1185 1544 coaluisse,
1222 1495 1407 1548 primum
1447 1493 1498 1534 de
1528 1491 1679 1534 Lesbia

43 1555 158 1602 (011111
192 1553 362 1608 prologo
395 1554 446 1595 ad
479 1554 640 1595 Allium
674 1568 709 1596 v,
744 1554 938 1609 41—50)
976 1568 1014 1596 V.
1053 1555 1240 1596 51-73.
1280 1557 1321 1594 et
1358 1567 1395 1593 V.
1432 1553 1678 1604 130-148,

42 1611 222 1652 alterum
270 1613 320 1654 de
366 1612 594 1654 Laodamia
636 1628 675 1656 v,
725 1615 899 1656 73—90
944 1617 984 1654 et
1029 1627 1067 1656 v.
1118 1614 1365 1662 101-118,
1410 1613 1583 1653 tertium
1628 1611 1679 1652 de

44 1669 198 1712 Catulli
229 1671 357 1714 fratre
390 1678 557 1714 mortuo
591 1687 626 1715 v.
649 1674 872 1725 91—-1003
905 1687 943 1714 V.
965 1674 1197 1715 149—160
1229 1674 1396 1727 spurios
1427 1684 1518 1713 esse
1549 1674 1679 1726 putat.

42 1755 97 1759 —-
133 1730 347 1773 Usenerus
379 1732 552 1786 elegiam
573 1734 649 1774 68¹>
670 1734 713 1773 in
733 1733 960 1787 Epimetro,
993 1733 1105 1787 quod
1119 1732 1382 1773 Frankianae
1405 1731 1679 1785 disputationi
1718 1774 1723 1780 ,

42 1789 210 1843 addidit,
262 1793 323 1833 810
375 1791 607 1833 distribuit:
665 1793 935 1834 Prooemium
989 1806 1026 1834 V.
1075 1793 1251 1833 41—72
1300 1789 1565 1846 (10÷12†
1587 1789 1677 1843 10),

44 1848 238 1892 Mesodos
299 1864 338 1891 v,
403 1853 563 1893 73—v.
601 1853 684 1894 130
747 1850 1329 1906 {14-l-14-l-4-l-12-l-12-l-2),
1376 1850 1580 1905 Epilogus
1643 1863 1681 1889 v.

45 1909 276 1956 131—160
308 1910 716 1966 (10†1o÷12).,-
753 1912 886 1953 Aliter
918 1911 1204 1966 Westphalius
1236 1911 1287 1951 de
1318 1911 1447 1951 huius
1480 1910 1679 1950 carminis

40 1967 264 2011 artificiosa
295 1973 595 2024 compositione
625 1972 838 2013 iudicavit.
902 1969 984 2020 Qui
1032 1984 1198 2012 carmen
1249 1968 1325 2012 68¹³
1380 1983 1455 2024 pro
1488 1970 1679 2010 encomio

45 2026 180 2082 habet,
213 2030 326 2083 quod
359 2031 410 2070 ad
433 2031 567 2086 legem
600 2030 835 2071 Nomorum
855 2029 1046 2071 Catullus
1078 2031 1303 2084 scripserit,
1337 2029 1474 2083 qualis
1506 2042 1530 2069 a
1560 2027 1586 2069 J
1592 2028 1678 2068 ulio

39 2085 196 2129 Poluce
228 2089 432 2144 descripta
464 2095 526 2132 est
556 2092 600 2131 in
633 2089 900 2131 Onomastico
931 2089 994 2130 IV
1032 2091 1101 2142 66,
1138 2090 1218 2143 (ed.
1250 2089 1505 2140 Bekkerus):
1545 2084 1680 2139 Μέρη

46 2143 95 2184 δὲ
139 2145 218 2187 τοῦ
261 2148 566 2202 κιθαρτιιιδικοῦ
611 2147 747 2198 νόμου
790 2147 1072 2202 Τερπάνδρου
1118 2146 1457 2197 κατανεᾲιαντος
1493 2143 1681 2197 ἔπαρχα,

41 2197 256 2255 μέταρχα,
286 2200 554 2255 κατάτροπα,
584 2202 963 2253 μετακατάτροπα,
995 2200 1212 2256 ὀμφαλός,
1245 2199 1447 2254 σφραγίς,
1470 2198 1680 2252 ἐπίλογος.

42 2253 106 2299 De
154 2257 310 2312 quibus
357 2260 416 2300 sic
463 2258 750 2313 Westphalius
797 2259 1049 2313 disputavit:
1113 2257 1349 2312 Omphalon
1387 2257 1454 2298 vel
1493 2257 1682 2298 medium

40 2313 182 2358 10011111
214 2315 341 2358 Nomi
370 2318 622 2373 plerumque
653 2318 746 2360 laus
763 2319 942 2360 alicuius
959 2318 1134 2359 deorum
1153 2318 1267 2372 epioe
1297 2318 1530 2371 conscripta
1559 2329 1682 2357 occu-

44 2377 177 2430 pabat,
210 2389 307 2417 eum
338 2378 613 2431 praecedebat
631 2379 782 2431 Archa,
815 2377 1073 2433 sequebatur
1089 2377 1302 2432 Sphragis,
1336 2381 1516 2431 utraque
1533 2376 1681 2429 lyrica.

44 2435 346 2490 Progrediente
377 2440 564 2491 tempore
596 2437 701 2479 duas
719 2442 856 2492 partes
875 2437 1140 2486 addiderunt,
1170 2438 1353 2491 priorem
1368 2438 1478 2477 inter
1494 2436 1679 2476 Archam

47 2494 381 2550 Omphalonque,
424 2510 550 2551 quarn
586 2496 859 2551 „Katatropa“
905 2496 1179 2551 appellabant,
1221 2509 1318 2537 cum
1363 2496 1587 2536 transitum
1633 2495 1684 2536 ad

46 2555 266 2609 sequentia
310 2555 475 2608 faceret,
528 2555 701 2597 alteram
749 2557 859 2597 inter
912 2555 1146 2610 Omphalen
1201 2559 1241 2597 et
1286 2555 1529 2610 Sphragida,
1574 2567 1683 2609 quae

46 2613 420 2669 „Metakatatropa“
467 2619 614 2657 vocata
646 2620 719 2658 est.
782 2615 863 2658 Sed
896 2629 994 2657 cum
1028 2628 1250 2656 nomorum
1284 2619 1428 2669 poetae
1460 2627 1558 2656 011111
1591 2615 1684 2655 aliis

45 2677 252 2715 certantes
283 2674 502 2716 victoriam
534 2679 736 2730 peterent,
783 2676 882 2717 deos
929 2680 975 2716 ut
1007 2680 1102 2716 ante
1148 2676 1364 2729 inceptum
1395 2687 1577 2727 carmen,
1625 2675 1685 2714 810

45 2734 230 2774 carmine
259 2732 378 2775 finito
410 2734 700 2789 implorabant,
748 2736 861 2777 unde
907 2735 1014 2776 duae
1047 2746 1181 2775 novae
1226 2738 1365 2789 partes
1410 2739 1523 2775 ortae
1562 2737 1679 2775 sunt:

44 2791 253 2846 Prologus
299 2797 425 2847 atque
470 2793 686 2848 Epilogus.
749 2795 807 2836 At
853 2798 939 2836 toto
987 2794 1186 2847 carmine,
1234 2806 1493 2848 quamquam
1542 2799 1682 2848 partes

44 2851 147 2892 alias
178 2852 394 2909 heroicum
410 2851 683 2905 χαρακτῆρα,
699 2853 800 2895 alias
831 2854 1014 2907 lyricum
1047 2853 1320 2908 usurpabant,
1353 2854 1463 2894 idem
1498 2856 1682 2894 metrum

47 2911 268 2965 eidemque
288 2911 413 2963 vmodi
443 2914 620 2956 inerant.
652 2913 734 2955 Sed
767 2927 866 2972 cum
898 2912 1170 2967 antistrophis
1202 2914 1388 2954 caruisse
1406 2913 1600 2953 dicantur
1631 2911 1684 2952 ab

44 2970 270 3011 Aristotele
283 2970 327 3011 in
342 2970 635 3026 Problematis,
648 2974 738 3027 pari
752 2974 935 3027 partium
952 2985 1130 3014 numero
1146 2985 1230 3014 non
1249 2971 1540 3026 alligabantur.
1572 2971 1685 3012 Illud

40 3103 87 3136 36
169 3053 216 3135 8¹1)
242 3052 302 3088 Sie
326 3052 576 3099 intellegamus
610 3054 730 3089 Ovidii
770 3064 893 3089 vocem
919 3053 1198 3098 „adulterium“;
1238 3054 1282 3089 cf.
1309 3053 1394 3089 Hor.
1432 3053 1486 3088 od.
1525 3052 1553 3089 Ι.
1585 3040 1682 3089 3311ς

91 3109 138 3136 ,19
204 3110 250 3136 ia.
