1976 3294
720 125 1012 166 —29-

51 272 295 322 „cantorum
345 267 651 322 Euphorionis“
695 268 817 309 inrisi
864 270 976 308 sunt.
1057 266 1236 308 Nullum
1288 269 1430 308 autem
1476 277 1683 319 umquam

46 332 210 384 poetam
242 327 482 369 Romanum
516 327 849 369 Alexandrinam
866 327 1012 381 poesin
1036 331 1077 368 et
1102 325 1419 379 Callimachum,
1449 325 1685 380 principem

48 387 362 429 Alexandrinae
379 387 545 428 scholae
576 391 752 441 poetam,
783 383 947 428 felicius
978 387 1191 427 imitatum
1208 398 1299 427 esse
1321 390 1522 441 putamus
1554 396 1685 438 quam

49 446 274 488 Catullum.
357 445 474 496 Quae
516 446 610 488 laus
642 459 726 487 non
757 446 986 499 minuetur,
1030 446 1165 500 siquis
1209 445 1316 486 forte
1361 457 1494 500 pauca
1539 444 1683 485 minus

47 511 142 561 apte
188 510 554 560 congruenterque
601 506 710 547 dicta
761 505 1091 560 deprehenderit.
1165 504 1261 546 Jam
1309 506 1345 546 si
1393 504 1515 559 plura
1562 502 1689 544 nobis*

48 566 363 607 Alexandrinae
407 566 546 620 poesis
606 570 880 606 monumenta
926 569 1091 606 servata
1131 570 1284 617 essent,
1336 564 1469 605 multo
1516 563 1689 618 plenius

50 632 258 680 quantum
290 624 480 666 Catullus
512 637 567 666 ex
598 626 658 666 eis
689 625 890 679 penderet
919 625 1106 665 iudicare
1137 624 1292 665 liceret.
1336 623 1462 664 Nunc
1493 624 1538 663 in
1569 626 1684 663 tanta

49 686 287 726 carminum
318 684 708 725 Alexandrinorum
755 685 929 725 iactura·
962 697 1046 725 non
1080 685 1161 725 nisi
1193 696 1247 724 ex
1278 688 1394 738 parte
1426 684 1524 724 huic
1557 694 1688 737 quae-

50 746 176 786 stioni
209 743 401 785 satisfieri
431 748 577 798 potest.
609 743 702 784 Hoc
734 748 875 785 nostro
908 745 1095 784 carmine
1128 744 1230 798 quin
1262 743 1454 784 Catullus
1472 754 1683 784 summam

52 804 213 845 dederit
244 816 425 857 operam,
456 808 504 844 ut
536 803 849 844 Alexandrinos
879 803 1129 855 imitaretur,
1162 816 1423 857 quamquam
1455 801 1689 843 admodum

50 864 168 905 rudis
199 864 242 903 in
276 875 325 904 ea
355 875 401 903 re
433 875 516 903 non
549 863 747 916 aequavit
792 875 876 915 eos,
920 875 1044 904 nemo
1084 866 1146 904 est
1178 863 1251 917 qui
1284 862 1456 904 dubitet.
1520 860 1689 915 Magna,

50 935 104 964 ne
135 922 271 963 dicam
304 922 434 962 nimia
465 926 553 963 arte
584 923 818 976 conscripta
853 925 915 963 est
937 922 1069 976 elegia
1101 924 1271 963 nomine
1303 922 1352 962 ad
1384 921 1544 962 Allium
1579 921 1690 973 data,

49 995 95 1023 re
114 994 214 1023 vera
244 982 289 1022 in
322 981 569 1022 celebranda
585 981 736 1022 Lesbia
752 985 925 1022 versata.
958 980 1126 1030 Quanta
1155 981 1283 1022 fuerit
1297 981 1684 1022 Alexandrinorum

51 1042 276 1082 auctoritas
307 1053 393 1082 non
426 1041 565 1082 solum
595 1041 848 1096 perspicitur
879 1041 1011 1082 doctis
1029 1041 1288 1082 Graecorum
1310 1040 1464 1082 fabulis
1486 1040 1691 1081 admixtis

48 1099 315 1156 (Laodamiae
347 1104 387 1141 et
419 1099 548 1141 Penei
579 1100 762 1154 fabulis),
796 1113 880 1141 non
908 1101 1047 1141 solum
1078 1114 1115 1142 v,
1149 1101 1204 1142 53
1238 1114 1342 1155 sqq,
1374 1101 1447 1142 sed
1477 1099 1689 1154 imprimis

53 1160 354 1215 compositione
387 1160 554 1214 elegiae.
599 1158 717 1208 Quae
748 1163 826 1201 etsi
857 1163 942 1201 tota
972 1160 1100 1201 rebus
1131 1160 1182 1201 ad
1215 1161 1349 1215 ipsius
1380 1161 1508 1200 vitam
1542 1163 1688 1214 poetae

49 1219 357 1274 pertinentibus
379 1220 530 1260 nititur
552 1220 850 1274 egregiamque
871 1232 1016 1261 rerum
1039 1220 1131 1261 eius
1146 1221 1374 1274 imaginem
1392 1222 1693 1274 repraesentat,

49 1285 191 1320 tamen
223 1278 361 1320 media
392 1278 539 1320 saltem
570 1292 667 1333 pars
700 1280 793 1320 sine
825 1278 953 1319 dubio
985 1279 1108 1334 plane
1140 1280 1191 1320 ad
1224 1279 1440 1333 exemplar
1457 1279 1689 1333 elegiarum

49 1338 440 1384 Alexandrinarum
483 1339 712 1392 composita
758 1342 846 1380 est:
892 1342 978 1379 tam
1026 1338 1249 1380 artificiose
1292 1339 1514 1380 encomion
1564 1338 1688 1378 amici

49 1411 148 1440 cum
179 1397 355 1439 Lesbiae
386 1397 584 1439 laudibus
616 1401 656 1438 et
686 1397 937 1439 Laodamiae
975 1399 1130 1439 amoris
1178 1400 1419 1439 narratione
1465 1402 1506 1439 et
1544 1397 1684 1438 fratris

51 1459 96 1498 in
128 1462 241 1498 terra
269 1457 448 1498 Troiana
486 1458 644 1498 mortui
680 1457 979 1498 lamentatione
1017 1459 1251 1499 conectitur
1288 1457 1594 1512 manifestaque
1626 1459 1689 1497 est

52 1518 98 1558 in
130 1516 526 1571 comparationibus,
565 1530 746 1570 quarum
780 1518 952 1558 omnino
993 1530 1175 1571 magnus
1217 1530 1423 1558 numerus
1460 1517 1689 1565 invenitur,

54 1576 260 1631 quaedam
307 1577 596 1630 exquisitioris
650 1576 863 1617 doctrinae
911 1578 1099 1631 captatio.
1148 1603 1203 1606 —
1250 1577 1428 1618 Initium
1472 1576 1689 1628 finemque

51 1637 250 1677 carminis
281 1635 361 1676 sibi
392 1635 644 1689 respondere
676 1648 760 1676 non
792 1640 905 1690 puto.
950 1649 987 1677 v,
1020 1637 1197 1678 41--50
1230 1638 1522 1690 prooeminum
1554 1635 1688 1690 quod-

54 1696 151 1736 dam
180 1695 286 1736 mihi
315 1694 484 1736 videtur
508 1707 617 1749 -esse,
649 1695 694 1735 in
726 1695 928 1737 honorem
960 1695 1063 1736 Allii
1094 1697 1387 1750 praemissum,
1427 1696 1552 1750 quod,
1585 1695 1687 1749 quid

55 1760 177 1810 poeta
207 1756 251 1795 in
285 1755 426 1795 animo
466 1753 628 1807 habeat,
673 1754 853 1809 explicet
899 1758 940 1795 et
985 1755 1197 1796 uberrime
1241 1755 1499 1797 demonstret
1543 1755 1689 1809 poesin

54 1827 125 1856 eos
157 1826 264 1868 quos
310 1813 491 1854 celebret
536 1813 587 1854 ab
635 1813 845 1855 oblivione
891 1814 1116 1856 vindicare.
1181 1829 1217 1857 v,
1267 1815 1500 1857 149-160
1547 1818 1691 1855 autem

54 1873 293 1928 epistolium
323 1877 386 1914 est
432 1872 483 1914 ad
530 1885 698 1915 carmen
732 1874 990 1928 adscriptum
1037 1887 1121 1928 quo
1167 1875 1324 1915 iterum
1368 1876 1523 1929 gratias
1569 1878 1691 1929 poeta

54 1934 188 1974 amico
219 1934 306 1987 agit
335 1936 375 1974 et
405 1936 617 1987 postremo
650 1936 690 1974 et
719 1946 795 1987 pro
827 1934 974 1974 amicis
1006 1938 1047 1974 et
1077 1938 1213 1975 amata
1252 1935 1393 1975 omnia
1424 1933 1533 1975 bona
1564 1934 1696 1975 laeta-

58 2005 141 2047 que
172 1996 377 2047 precatur.
440 1992 658 2033 Versuum
698 1993 902 2034 51—149
950 2005 1064 2046 vero,
1112 1995 1185 2048 qui
1233 2007 1442 2035 summam
1492 1994 1697 2035 carminis-

55 2053 283 2104 continent,
327 2055 466 2106 partes
513 2051 593 2093 sibi
639 2052 892 2106 respondere
938 2065 1023 2093 non
1070 2053 1255 2106 negabis,
1302 2055 1336 2094 si
1383 2054 1620 2108 respexeris
1652 2056 1692 2093 et

55 2113 363 2166 comparaveris
410 2123 457 2151 ea
506 2124 614 2165 quae
662 2112 887 2153 continent.
951 2111 1019 2153 Sic
1065 2111 1146 2153 sibi
1192 2113 1446 2166 respondent
1475 2113 1589 2154 illae:
1654 2125 1691 2154 v,

55 2172 230 2212 51-74
247 2184 292 2199 Ξ
309 2183 346 2213 V.
368 2171 613 2223 130-149,
644 2172 783 2224 agitur
800 2170 850 2211 de
866 2169 1033 2222 Lesbia;
1066 2185 1104 2214 v,
1125 2173 1298 2213 74—89
1317 2185 1362 2201 =
1386 2186 1424 2213 v,
1445 2172 1695 2225 loo—130,

56 2233 321 2284 comparatur
350 2234 487 2271 amata
518 2242 615 2271 cum
648 2229 884 2271 Laodamia.
917 2230 968 2271 In
1001 2231 1139 2271 medio
1170 2232 1304 2285 posita
1336 2236 1399 2273 est
1429 2245 1465 2273 V.
1486 2232 1692 2274 90-100

58 2289 109 2330 de
139 2289 278 2330 fratris
310 2289 428 2330 obitu
460 2289 609 2331 acerbo
642 2289 856 2344 digressio.
891 2315 945 2319 —
977 2289 1145 2331 Etenim
1180 2291 1293 2345 quod
1325 2292 1508 2345 partium
1540 2304 1697 2346 aequa-

57 2347 258 2389 bilitatem
306 2361 391 2389 non
448 2361 539 2390 esse
584 2361 722 2403 usque
770 2362 940 2403 quaque
987 2351 1250 2403 concinnam,
1313 2351 1426 2405 quod
1475 2355 1596 2406 poeta
1648 2352 1692 2391 in

59 2407 298 2448 narratione
329 2407 453 2448 modo
486 2412 674 2449 moratur
720 2412 761 2449 et
792 2421 923 2462 paene
970 2409 1174 2450 verbosus
1221 2414 1294 2462 est,
1339 2411 1463 2451 modo
1511 2407 1695 2451 breriter

58 2479 149 2508 eam
182 2466 495 2521 comprehendit
526 2471 566 2508 et
596 2468 648 2508 ad
680 2467 760 2508 alia
790 2471 995 2522 properat,
1034 2469 1146 2523 quod
1185 2469 1411 2524 aliquando
1450 2470 1693 2524 degreditur

59 2539 82 2566 a
113 2526 351 2567 narratione
382 2530 508 2580 atque
539 2526 591 2567 ad
624 2539 715 2567 eam
753 2527 871 2580 redit,
919 2528 1120 2568 nimirum
1168 2530 1337 2583 penitus
1386 2530 1507 2584 quasi
1555 2529 1696 2571 hausit

58 2588 275 2640 poetarum
323 2585 712 2626 Alexandrinorum
759 2587 992 2640 ingenium,
1047 2600 1154 2641 quos
1195 2588 1302 2629 hanc
1349 2590 1583 2630 carminum
1630 2590 1697 2629 in—

59 2643 350 2698 aequalitatem
384 2657 466 2686 non
501 2645 719 2698 devitasse,
765 2645 838 2687 sed
885 2646 1023 2687 studio
1072 2647 1252 2701 quodam
1301 2652 1559 2690 consectatos
1603 2661 1693 2690 esse

60 2716 158 2744 cum
191 2703 284 2744 aliis
314 2704 480 2746 indiciis
521 2706 829 2759 cognoscimus,
871 2709 964 2746 tum
997 2705 1241 2747 Callimachi
1282 2707 1431 2760 hymni
1472 2708 1696 2749 manifesto

61 2762 297 2804 ostendunt.
330 2762 500 2805 Certum
527 2768 589 2805 est
603 2763 817 2805 Catullum
833 2769 1050 2819 poetarum
1070 2765 1459 2808 Alexandrinorum
1481 2767 1699 2822 exemplar

61 2823 319 2876 expressisse
350 2824 620 2869 etorationis
650 2823 786 2865 forma
818 2830 858 2866 et
896 2826 1086 2866 numeris
1119 2838 1321 2867 versuum
1354 2830 1395 2868 et
1425 2828 1515 2881 ipsa
1547 2828 1698 2868 carmi-

63 2894 167 2922 num
201 2882 510 2936 compositione.

200 2939 339 2984 141.
402 2939 591 2983 Catullus
638 2955 691 2984 ne
740 2943 893 2996 ingrati
935 2944 1066 2984 animi
1115 2945 1397 2999 suspicionem
1447 2949 1614 2986 moveat
1652 2946 1695 2985 in

61 3000 251 3041 animum
299 3005 466 3042 revocat
512 3013 560 3042 ea
608 3014 716 3055 quae
762 3002 874 3043 Allio
937 3004 1071 3044 amico
1131 3003 1302 3045 debeat„
1364 3004 1441 3046 Tot
1486 3006 1700 3058 tantisque

60 3058 210 3100 officiis
242 3058 343 3100 Allii
376 3059 545 3114 adiutus
578 3059 769 3102 Catullus
817 3074 944 3103 suum
977 3074 1067 3104 esse
1100 3067 1218 3117 putat
1249 3064 1373 3104 amici
1406 3076 1562 3105 nomen
1594 3064 1702 3105 cele-
