1976 3294
735 174 789 178 ,-
859 149 1027 187 15-

51 307 173 336 amor
202 293 413 343 insederit,
447 292 705 334 demonstrat
736 303 769 332 e.
801 289 922 342 LVI.,
970 290 1094 330 cuius
1126 288 1377 329 suavitatem
1426 299 1560 342 pauca
1596 285 1693 327 libri

53 353 280 396 Catulliani
312 353 499 393 carmina
530 352 814 406 aequiperant.

341 421 521 467 „Difficile
545 426 599 456 est
623 421 766 466 longum
791 419 907 455 subito
933 419 1105 463 deponere
1131 428 1297 453 amorem.

344 469 490 504 difficile
516 471 580 512 est,
606 479 731 503 verum
757 468 824 503 hoc
848 477 918 512 qua
941 466 1039 501 lubet
1064 466 1216 501 efficias:

342 528 413 552 una
437 517 533 552 salus
556 517 645 552 haec
670 519 734 560 est,
760 516 827 550 hoc
853 519 906 550 est
931 514 998 549 tibi
1022 513 1311 559 pervincendum,

343 565 411 600 hoc
433 564 554 608 facias,
580 564 658 598 sive
683 563 720 598 id
746 574 814 598 non
841 565 918 607 pote
943 563 1020 597 sive
1046 565 1135 606 pote.

340 623 361 648 o
386 612 434 656 di,
460 612 491 646 si
515 615 674 646 vestrum
699 613 754 646 est
778 610 950 653 misereri,
976 611 1038 645 aut
1062 609 1093 644 si
1118 609 1246 653 quibus
1271 618 1442 653 umquam

347 663 542 694 extremam
566 660 638 694 iam
663 659 742 703 ipsa
766 661 877 693 morte
902 658 1035 692 tulistis
1060 668 1174 702 opem,
1228 656 1230 659 ’

346 718 402 742 me
428 707 598 741 miserum
624 706 796 750 adspicite
822 708 867 749 et,
894 705 926 740 si
950 705 1062 740 vitam
1088 705 1223 749 puriter
1248 704 1316 749 egi,

348 754 473 799 eripite
498 754 589 789 hanc
614 759 747 798 pestem
775 754 1039 798 perniciemque
1064 753 1196 787 mihi!“

207 814 371 856 Caelius
419 815 591 870 quidam
641 815 825 856 maxime
871 814 1039 855 videtur
1085 814 1252 855 hotatus
1299 825 1390 854 esse
1436 816 1601 867 poetam
1650 817 1698 852 ut

59 887 247 916 amorem
294 875 516 930 indignum
565 874 846 928 abrumperet,
892 874 943 915 de
977 887 1060 928 qua
1106 886 1151 915 re
1198 872 1388 914 conferre
1435 873 1556 913 liceat
1587 884 1620 912 c.
1654 870 1698 925 C,

66 948 103 978 v.
135 936 161 975 5
195 947 304 988 sqq:

263 1020 274 1032 ,
351 1013 395 1019 ——
421 992 504 1037 „cui
528 992 668 1027 faveam
693 991 834 1036 potius‘?
860 991 966 1034 Caeli,
994 991 1077 1028 tibi:
1103 1001 1184 1026 nam
1209 992 1271 1026 tua
1295 990 1398 1025 nobis

349 1050 411 1084 per
434 1040 528 1075 facta
552 1040 712 1075 exhibita
736 1042 790 1074 est
814 1039 921 1074 unica
945 1038 1115 1082 amicitia,

350 1098 433 1123 cum
458 1098 588 1122 vesana
612 1097 710 1122 meas
733 1089 881 1122 torreret
905 1086 1050 1122 flamma
1074 1085 1256 1121 medulles.

350 1135 401 1170 sis
425 1133 522 1179 felix,
550 1134 656 1179 Caeli,
683 1135 733 1170 sis
757 1135 794 1169 in
820 1145 939 1170 amore
965 1135 1126 1178 potens!“
1153 1156 1195 1160 —

209 1206 386 1249 Carmen
404 1208 587 1263 denique
604 1207 680 1249 XI.
699 1209 935 1249 carminum
955 1208 1006 1248 ad
1023 1207 1198 1249 Lesbiae
1215 1219 1399 1248 amorem
1420 1207 1700 1261 spectantium

65 1268 259 1309 omnium
292 1267 492 1309 ultimum
539 1281 563 1309 a
593 1271 714 1322 poeta
761 1268 1038 1322 compositum
1087 1267 1255 1308 videtur
1295 1279 1387 1307 esse
1425 1272 1465 1307 et
1496 1279 1551 1307 ex
1581 1267 1703 1307 tertia

66 1327 242 1382 quidem
283 1328 452 1382 stropha
482 1327 741 1382 intellegitur
779 1340 863 1368 non
911 1330 1007 1368 ante
1054 1330 1254 1368 aestatem
1301 1326 1401 1366 anni
1449 1326 1613 1379 699s55
1660 1326 1704 1366 id

70 1387 273 1441 scriptum
305 1399 407 1439 esse,
439 1399 537 1428 cum
569 1387 628 1427 ibi
660 1386 848 1428 Caesaris
881 1387 1171 1441 expeditiones
1209 1391 1325 1427 trans
1355 1385 1555 1426 Rhenum
1587 1389 1628 1427 et
1658 1386 1702 1426 in

69 1446 332 1487 Britanniam
374 1446 507 1487 factae
554 1450 948 1488 commemorentur.
1026 1444 1091 1486 De
1139 1458 1223 1499 quo
1271 1446 1458 1486 carmine
1495 1444 1706 1487 Schwabii

68 1506 354 1547 coniecturam
387 1507 487 1547 satis
517 1505 772 1560 probabilem
808 1518 899 1547 esse
931 1506 1169 1547 censuerim
1200 1505 1393 1547 Lesbiam
1432 1508 1521 1546 tum
1564 1504 1704 1546 Catul-

72 1565 160 1606 lum
193 1577 268 1619 per
299 1566 550 1619 nescioquos
580 1565 777 1620 precibus
808 1565 955 1618 adisse,
1006 1569 1052 1606 ut
1098 1566 1189 1606 eius
1220 1565 1398 1619 gratiam
1447 1568 1487 1606 et
1518 1577 1705 1606 amorem

68 1624 146 1666 diu
176 1625 465 1666 intermissum
498 1626 756 1679 reciperaret.

214 1683 280 1725 En
311 1684 516 1725 habemus
548 1685 715 1736 amoris,
762 1685 834 1738 qui
882 1685 992 1725 inter
1024 1682 1237 1725 Catullum
1279 1687 1320 1725 et
1350 1683 1546 1725 Lesbiam
1578 1685 1707 1725 inter-

30 1783 35 1787 .,
73 1744 196 1784 cessit
248 1743 474 1785 decursum
529 1744 796 1798 descriptum,
852 1757 935 1798 qua
982 1744 1026 1784 in
1073 1755 1119 1784 re
1155 1743 1377 1798 permulta,
1425 1756 1534 1797 quae
1572 1745 1708 1785 conici

72 1803 211 1857 potius
259 1816 386 1857 quam
432 1803 599 1857 probari
642 1807 820 1858 possunt
866 1803 1038 1844 arbitrio
1077 1807 1117 1844 et
1162 1803 1318 1844 iudicio
1366 1804 1708 1857 uniuscuiusque

74 1862 352 1916 relinquenda
383 1866 493 1904 sunt.
1093 1888 1098 1893 ·
1225 1901 1229 1905 .

215 1921 313 1962 Jam
345 1934 443 1963 cum
475 1934 529 1963 ex
560 1923 693 1976 ipsius
725 1926 869 1976 poetae
907 1922 1167 1963 carminibus
1200 1926 1356 1963 certam
1389 1923 1581 1963 notitiam
1613 1935 1708 1964 eru-

75 1981 233 2022 erimus
295 1981 346 2022 de
407 1981 581 2022 Lesbiae
643 1986 683 2022 et
744 1982 990 2022 condicione
1063 1985 1104 2022 et
1170 1981 1360 2023 moribus
1429 1986 1469 2023 et
1536 1983 1707 2035 ingenio

75 2043 116 2081 et
146 2040 196 2081 de
227 2041 394 2092 amoris,
442 2042 516 2095 qui
563 2042 673 2082 inter
720 2054 812 2082 eam
851 2045 891 2082 et
923 2040 1135 2082 Catullum
1183 2045 1283 2094 erat,
1333 2042 1708 2094 vicissitudinibus,

74 2100 327 2154 perscrutari
358 2100 491 2152 liceat,
524 2114 626 2141 num
660 2114 758 2141 cum
791 2099 1050 2141 Catullianae
1073 2099 1247 2142 Lesbiae
1270 2101 1455 2154 imagine
1472 2107 1709 2156 congruant

72 2172 136 2211 ea,
168 2172 275 2213 quae
307 2159 358 2200 de
390 2158 533 2200 Clodia
566 2160 862 2214 quadrantaria
879 2160 1030 2200 tradita
1053 2159 1173 2201 nobis
1191 2167 1301 2202 sunt.
1331 2159 1420 2201 Nec
1443 2160 1580 2202 solum
1616 2162 1708 2202 uni-

75 2230 239 2259 versam
273 2217 443 2260 Lesbiae
475 2222 515 2260 et
547 2218 713 2260 Clodiae
744 2220 973 2272 imaginem
1006 2233 1134 2260 unam
1174 2219 1436 2274 eandemque
1475 2232 1565 2262 esse
1597 2233 1709 2262 com-

76 2276 252 2331 probare
283 2277 541 2331 conabimur,
574 2279 646 2319 sed
679 2280 802 2319 etiam
837 2279 887 2320 de
905 2279 1085 2332 singulis
1102 2278 1242 2332 rebus,
1274 2292 1382 2333 quae
1414 2279 1465 2320 ad
1483 2281 1709 2334 utriusque

77 2335 257 2377 feminae
303 2337 430 2378 vitam
478 2339 697 2392 pertinent,
730 2338 995 2380 disseremus.
1062 2338 1208 2380 Lesbia
1253 2338 1334 2379 fuit
1365 2339 1519 2380 mulier
1566 2344 1710 2394 nupta,

79 2393 244 2446 nobilis,
289 2395 475 2449 pulchra,
520 2396 663 2443 faceta,
711 2398 782 2438 sed
832 2397 1029 2438 effrenata
1081 2398 1255 2439 libidine
1301 2398 1504 2452 paulatim
1552 2412 1600 2440 eo
1648 2405 1710 2441 est

79 2453 290 2508 perducta,
322 2457 369 2495 ut
400 2456 525 2495 scorti
555 2456 743 2510 vulgaris
775 2469 892 2497 more
930 2457 1140 2511 modoque
1171 2459 1342 2498 viveret.
1406 2456 1598 2506 Quenam
1629 2459 1711 2500 fuit

81 2512 223 2554 Clodia
238 2513 320 2566 illa,
337 2514 461 2555 cuius
471 2515 635 2577 origini,
651 2516 899 2567 condicioni,
914 2515 1240 2569 formae,indoli,
1256 2517 1446 2558 moribus
1457 2519 1711 2572 respondent

81 2584 141 2623 ea,
173 2585 280 2626 quae
311 2573 362 2614 de
392 2572 541 2615 Lesbia
559 2575 744 2615 scimus?
778 2600 833 2604 ——
865 2575 965 2616 Fuit
983 2574 1126 2616 Clodia
1150 2576 1222 2617 illa
1238 2589 1292 2617 ex
1310 2580 1475 2618 vetusta
1491 2577 1710 2632 nobilique

75 2634 203 2685 'gente
235 2630 513 2687 Claudiorml)
551 2637 652 2686 orta,
691 2633 902 2675 diffamata
931 2636 1102 2676 nomine
1136 2635 1518 2691 „quadrantariae“,
1563 2637 1708 2678 Publii

224 2746 250 2791 ¹)
275 2746 327 2782 De
352 2748 528 2784 scribendi
565 2749 698 2785 ratione
736 2749 930 2795 „claudier‘
969 2751 1046 2786 sive
1072 2751 1241 2794 „Clodia“
1279 2763 1393 2797 pauca
1430 2753 1555 2789 afferre
1591 2754 1709 2791 liceat.

80 2793 158 2829 Non
182 2794 346 2829 assentiri
370 2805 507 2840 possum
534 2796 748 2832 Baehrensio
772 2797 946 2833 iudicanti
972 2799 1038 2834 hoc
1064 2798 1327 2844 (Commentarii
1358 2811 1435 2846 pag.
1470 2805 1527 2845 31,
1562 2802 1605 2837 cf.
1632 2813 1710 2847 pag.

83 2842 183 2885 559):
209 2840 380 2886 „Claudia
409 2846 555 2879 vocatur
585 2845 698 2889 unico,
725 2845 786 2880 ubi
819 2848 898 2880 aute
924 2856 1054 2880 anuum
1081 2850 1138 2882 60.
1165 2847 1373 2883 nominatim
1404 2853 1711 2893 commemoratur,

82 2888 119 2922 in
143 2888 292 2932 epistula
316 2899 337 2924 a
361 2889 526 2926 Cicerone
551 2901 640 2927 anno
665 2895 721 2928 62.
748 2893 794 2928 ad
819 2892 897 2927 eius
923 2893 1092 2928 maritum
1118 2894 1209 2938 data,
1245 2895 1289 2930 ad
1314 2896 1397 2931 fam.
1435 2896 1480 2931 V.
1509 2900 1569 2943 2.6
1597 2907 1628 2933 a.
1655 2901 1712 2934 60.

82 2946 162 2972 cum
187 2935 294 2971 frater
318 2936 355 2971 P.
381 2936 547 2973 Claudius
573 2939 734 2984 Pulcher,
760 2943 800 2975 ut
824 2939 1042 2976 tribunatum
1068 2941 1333 2987 adipisceretur,
1361 2943 1405 2978 ad
1431 2943 1570 2988 piebem
1597 2948 1711 2980 trans-

81 2984 147 3018 iret
183 2993 290 3028 seque
315 2985 387 3019 iam
413 2983 572 3020 Clodium
609 2986 799 3031 appellaret
827 2987 924 3024 (hinc
947 2988 1092 3033 ‘explica
1127 2989 1250 3025 Dionis
1286 2991 1395 3026 verba
1425 2990 1620 3036 XXXVII,
1651 2995 1713 3028 16:

81 3028 307 3077 Πούπλιός
344 3045 410 3079 τις
437 3031 654 3083 Κλώδιος,
688 3029 734 3074 ὅν
763 3031 996 3075 Κλαύὸιόν
1022 3050 1135 3083 τινες
1158 3035 1382 3085 ἐκάλεσαν)
1435 3049 1532 3074 soror
1568 3039 1716 3075 Claudia

79 3085 171 3130 apud
196 3096 277 3121 eum
302 3084 464 3121 habitans
500 3088 536 3122 et
571 3098 633 3131 per
669 3088 786 3123 omnia
816 3088 860 3123 ab
885 3090 963 3125 eius
1001 3091 1158 3135 partibus
1195 3096 1291 3127 stans
1328 3071 1521 3128 vodabatur
1554 3095 1589 3128 et
1626 3093 1714 3138 ipsa.
