1976 3294
748 179 1040 222 ..449-

83 321 284 368 labores“.
361 322 435 366 Ov.
485 323 599 378 epist.
648 322 702 366 X.
751 324 854 364 135:
908 322 1002 375 „sed
1053 334 1137 377 qua
1181 325 1311 377 potes,
1354 322 1492 376 aspice
1537 319 1710 362 mente“.

83 383 219 436 (Trist.
250 383 304 425 H.
336 384 412 434 563
447 381 522 424 Ov.
546 396 601 424 ex
632 383 677 425 P.
709 382 782 425 IV.
815 384 852 424 4.
886 381 973 436 45.)
1007 407 1061 412 -
1094 382 1162 423 Ad
1185 394 1368 436 „munus
1399 381 1584 422 carmine
1615 392 1712 421 con-

86 442 267 497 100111111ιι
300 442 349 485 cf.
382 441 458 484 Ov.
471 442 592 485 Trist.
608 443 682 485 IV.
698 444 799 484 4.11:
833 441 1043 497 „officium
1060 445 1203 483 nostro
1219 441 1297 483 tibi
1313 442 1498 483 carmine
1512 439 1712 491 factum“;

84 500 215 556 (Caes.
253 501 302 543 B.
341 502 388 545 G.
426 502 457 544 I.
497 503 574 544 29:
636 502 826 555 „tabulae
863 501 1012 543 litteris
1050 500 1219 543 Graecis
1257 500 1511 552 confectae“;
1574 498 1715 554 Nepos

82 561 267 604 Hannib.
303 563 376 603 13:
409 561 561 616 „libros
593 561 751 603 Graeco
783 574 976 604 sermone
1007 560 1269 616 confectos“).
1304 585 1359 591 —
1424 602 1429 607 ,

123 664 125 666 ,
201 633 237 664 v.
270 619 362 663 152.
426 619 633 670 Quattuor
680 622 875 663 elisiones
920 622 965 662 in
1011 621 1091 662 hoc
1121 633 1242 663 verso
1285 621 1441 662 insunt.
1480 618 1542 660 Eo
1573 619 1716 674 plures

85 679 279 722 elisiones
309 681 588 723 inveniuntur
617 682 661 722 in
694 680 846 722 Catulli
892 680 1163 734 carminibus,
1210 693 1294 735 quo
1340 680 1514 735 propius
1559 678 1718 720 accedit

85 753 222 782 sermo
269 740 321 782 ad
376 753 614 783 sermonem
662 741 925 784 cotidianam.
995 739 1195 795 Quinque
1256 740 1452 782 elisiones
1498 738 1622 780 habet
1683 750 1716 780 0.
1748 773 1754 779 .

84 798 286 843 LXXIII.
318 813 356 842 v.
390 801 428 842 6.
455 825 507 830 -—

206 871 242 902 v.
274 859 368 902 153.
430 859 577 916 Sperat
607 863 728 915 poeta
759 860 860 902 deos
892 860 1235 915 quamplurima
1270 859 1380 900 bona
1419 859 1590 900 daturos
1628 870 1719 899 esse

86 920 233 973 amico,
261 933 345 974 qua
376 920 426 962 de
458 933 585 962 causa
616 934 701 961 non
734 924 796 962 est
826 933 903 961 cur
950 919 1148 974 „addent“
1195 922 1385 961 mutetur
1429 919 1474 959 in
1506 917 1718 972 „addant“.

86 979 255 1021 Themis
287 979 496 1035 (Astraea)
525 981 710 1022 iustitiae
741 980 818 1021 dea
848 981 893 1020 in
925 982 1057 1021 aetate
1088 992 1216 1021 aurea
1246 978 1440 1034 regnavit
1455 981 1496 1019 et
1510 980 1720 1032 postrema

88 1039 264 1080 deorum
309 1043 466 1081 terram
512 1040 684 1094 reliquit
730 1038 823 1095 (Ov
866 1038 964 1080 Met.
1001 1039 1033 1081 I.
1075 1038 1188 1107 150).
1203 1038 1232 1093 ¹)
1308 1038 1476 1079 Themis
1521 1049 1720 1092 praesens

87 1098 186 1140 olim
217 1098 321 1140 favit
355 1099 599 1141 hominibus
645 1099 789 1155 (Peleo
820 1099 1034 1140 Thetidem
1081 1100 1126 1140 in
1173 1099 1489 1140 matrimonium
1537 1097 1720 1147 ducenti)

86 1162 127 1199 et
174 1161 475 1218 ευσεβεστάτῳ
522 1159 635 1201 dedit
680 1155 1410 1213 &sdffieoqovys'pag(Pind.·.1sthm
1463 1156 1580 1199 VIII.
1631 1155 1719 1210 40).

86 1217 328 1271 Hesychius
341 1232 432 1261 eam
451 1232 542 1261 esse
565 1220 760 1277 Αγαθὴν
795 1221 944 1275 Τυχην
972 1219 1145 1275 putavit.
1178 1217 1421 1259 Secundum
1444 1216 1718 1258 Plutarchum

89 1276 153 1333 (Q.
170 1277 218 1320 R.
243 1278 317 1333 56)
349 1279 495 1321 eadem
526 1279 758 1321 habebatur
788 1283 915 1334 atque
947 1278 1179 1331 Carmenta,
1213 1290 1320 1331 quae
1350 1276 1585 1331 parientes
1574 1288 1722 1318 iuvare

88 1340 130 1378 et
172 1337 403 1380 liberorum
449 1340 692 1394 progeniem
731 1339 829 1381 dare
861 1338 1031 1391 solebat
1070 1339 1293 1381 εὐτεκνίαν
1324 1356 1393 1380 και
1424 1342 1720 1381 πολυτεκνιαν

90 1395 185 1445 Qua
231 1398 282 1439 de
328 1411 455 1440 causa
486 1400 677 1440 conicere
722 1399 819 1440 licet
864 1398 986 1440 nobis
1024 1397 1238 1439 Catullum
1283 1397 1396 1438 Allio
1443 1397 1577 1438 amico
1624 1409 1720 1437 cum

88 1456 223 1498 multa
253 1457 363 1499 bona
393 1461 567 1512 optasse,
598 1462 690 1500 tum
721 1459 800 1500 hoc
830 1461 879 1499 ut
898 1458 1066 1500 Themis
1089 1470 1188 1499 eum
1204 1469 1469 1511 uxoremque
1491 1455 1723 1498 liberorum

92 1517 222 1571 stirpe
255 1517 440 1571 donaret,
472 1530 579 1572 quae
610 1518 748 1560 adhuc
779 1518 910 1560 defuit
941 1518 1011 1559 eis.
1045 1543 1100 1548 —

210 1587 247 1618 v.
280 1576 377 1619 156.
437 1576 595 1619 Domui
626 1578 728 1619 Allii
767 1590 936 1633 quoque
971 1580 1093 1632 poeta
1131 1576 1309 1618 salutem
1340 1579 1546 1631 precatur.
1607 1573 1724 1617 Libri

91 1635 206 1676 hunc
236 1648 409 1678 versum
441 1638 501 1678 sic
516 1637 797 1679 tradiderunt:
830 1637 907 1692 „Et
923 1637 1087 1690 domus,
1102 1637 1146 1677 in
1166 1649 1250 1691 qua
1262 1636 1445 1677 lusimus
1462 1638 1502 1677 et
1518 1635 1723 1677 domina.“

92 1694 213 1736 Certe
243 1696 312 1747 hic
342 1696 596 1738 vocabulum
628 1698 793 1738 excidit.
826 1697 1138 1752 Suppleverunt
1167 1696 1249 1736 viri
1281 1696 1390 1736 docti
1421 1696 1535 1740 hunc
1555 1707 1723 1736 versum

90 1755 242 1808 partim
275 1755 504 1798 scribentes
542 1757 717 1811 „domus
747 1758 838 1812 ipsa
867 1758 912 1797 in
946 1756 1065 1811 qua“,
1126 1756 1277 1810 partim
1326 1755 1502 1809 „domus
1547 1756 1592 1796 in
1640 1768 1724 1809 qua

94 1814 205 1857 nos“.
269 1815 376 1857 Cum
407 1819 528 1870 poeta
558 1829 643 1858 non
676 1817 813 1858 solum
846 1817 1028 1857 amicum
1063 1816 1241 1870 eiusque
1272 1815 1486 1856 dominam
1534 1814 1723 1869 appellet,

92 1873 164 1915 sed
197 1875 321 1916 etiam
342 1875 516 1917 domum
546 1877 693 1931 ipsam,
725 1878 767 1917 in
788 1890 872 1931 qua
904 1888 1001 1917 cum
1032 1875 1172 1930 puella
1189 1878 1326 1916 amata
1357 1874 1445 1916 dies
1460 1873 1725 1943 felicissimos

90 1934 262 1988 peregit,
291 1934 360 1976 hic
391 1936 496 1976 mihi
533 1936 701 1977 videtur
732 1936 1004 1977 statuendum
1037 1947 1128 1976 esse
1160 1934 1335 1989 „domus
1365 1934 1490 1989 ipsa“.

209 1993 358 2036 v.157
390 2006 427 2036 v.
461 1993 556 2038 158.
589 1995 672 2036 Η10
702 1996 821 2037 100113
852 2008 935 2036 11011
970 1994 1107 2036 30111111
1130 1995 1259 2036 1011113
1291 1994 1489 2036 carminis
1505 1990 1725 2048 LXVIII,

93 2052 165 2093 sed
197 2053 322 2095 etiam
367 2053 496 2096 totius
527 2053 698 2096 Gattulli
740 2054 835 2096 libri
879 2055 1223 2110 corruptissimus
1266 2053 1454 2100 habetur.
1514 2053 1564 2094 In
1599 2066 1727 2109 quem

94 2112 405 2155 emendandum
467 2114 852 2169 explicandumque
914 2114 994 2155 viri
1062 2114 1293 2155 doctissimi
1344 2113 1528 2154 multum
1579 2125 1728 2168 operae

94 2172 416 2227 sagacitatisque
448 2173 729 2217 contulerunt.
790 2173 849 2214 Hi
879 2186 1029 2215 versus
1060 2174 1104 2214 in
1135 2172 1256 2214 libris
1288 2173 1348 2214 310
1379 2173 1519 2214 traditi
1550 2176 1668 2215 sunt:

449 2255 517 2300 „Et
541 2256 602 2300 qui
627 2255 798 2300 principio
823 2255 923 2291 nobis
947 2256 1077 2290 terram
1104 2254 1201 2290 dedit
1225 2254 1348 2311 aufert,

451 2313 472 2338 a
496 2314 564 2348 quo
589 2305 670 2338 sunt
695 2304 808 2348 primo
833 2303 951 2338 omnia
975 2304 1057 2338 nata
1081 2303 1205 2338 bono“.

97 2369 306 2415 Omnibus
352 2377 601 2417 commentis
642 2376 902 2430 perlustratis
948 2375 1161 2430 Hauptius
1208 2388 1256 2417 eo
1303 2375 1496 2430 pervenit
1540 2374 1640 2430 ipse,
1685 2379 1732 2417 ut

97 2432 207 2473 dicat
236 2432 317 2475 hoc
339 2432 519 2486 (Quaest.
545 2435 629 2477 Cat.
662 2448 752 2490 pag.
772 2434 864 2489 85):
897 2435 1026 2490 „nihil
1042 2435 1185 2489 habeo,
1220 2435 1331 2490 quod
1349 2434 1557 2476 affirmare
1573 2435 1730 2476 audeo“

97 2494 138 2532 et
168 2490 411 2534 Schwabius
456 2497 503 2535 ut
538 2494 696 2536 iudicet
727 2495 824 2536 hoc:
887 2495 1053 2549 „omnia
1096 2495 1174 2536 hoc
1217 2494 1308 2535 loco
1355 2495 1524 2548 incerta,
1569 2498 1732 2550 praeter
1799 2483 1807 2491 ’

98 2564 226 2605 quam
258 2552 371 2606 quod
403 2554 746 2608 corruptissimus
784 2554 883 2595 est.“
946 2553 1038 2603 Qua
1085 2555 1129 2594 in
1177 2567 1222 2595 re
1270 2554 1340 2595 alii
1387 2555 1467 2595 viri
1505 2554 1614 2595 docti
1647 2567 1731 2596 non

98 2611 412 2666 acquieverunt,
459 2613 528 2654 sed
578 2614 693 2654 vario
741 2614 865 2654 modo
942 2614 1018 2655 hos
1064 2626 1213 2655 versus
1267 2626 1414 2655 sanare
1466 2613 1731 2657 studuerunt.

97 2669 297 2724 Plerique
349 2673 536 2714 sentiunt
583 2671 795 2714 Catullum
851 2673 929 2714 hoc
981 2673 1072 2714 loco
1125 2676 1288 2727 praeter
1340 2673 1501 2714 Allium
1556 2674 1734 2728 eiusque

100 2729 313 2770 dominam
361 2731 621 2786 domumque
654 2736 694 2774 et
726 2731 916 2774 Lesbiam
967 2745 1063 2774 cum
1107 2732 1291 2787 pondere
1330 2732 1511 2787 quodam
1545 2738 1734 2774 extremo

100 2788 191 2829 loco
222 2790 482 2832 nominatam
514 2791 643 2833 alium
679 2792 890 2846 quendam
923 2793 1107 2833 amicum
1139 2791 1296 2833 afferre.
1330 2793 1393 2833 Ac
1414 2796 1526 2834 recte
1543 2793 1732 2847 quidem!

102 2846 222 2896 Quod
255 2848 460 2891 iudicium
492 2851 725 2905 profectum
759 2855 822 2893 est
845 2851 895 2892 ab
928 2852 1048 2892 initio
1065 2864 1214 2893 versus
1246 2854 1310 2905 .,01
1339 2852 1448 2906 (1111“,
1482 2865 1565 2907 (1110
1589 2865 1735 2893 omnes

101 2907 233 2948 critici
279 2909 439 2962 priores
483 2910 655 2952 alterius
693 2912 917 2953 cuiusdam
964 2912 1087 2952 amici
1133 2885 1267 2952 nobis
1298 2911 1431 2966 ignoti
1477 2912 1735 2953 mentionem

100 2965 264 3008 adnecti
294 2966 401 3010 bene
430 2974 746 3024 perspexerunt.
810 2970 932 3020 Quod
965 2972 1139 3012 minime
1170 2970 1328 3025 placuit
1358 2970 1563 3040 Vahleno,
1584 2971 1614 3026 ¹)
1654 2972 1735 3025 cui,

198 3083 226 3128 1)
254 3083 296 3120 cf.
324 3083 511 3130 Prellerus,
538 3086 683 3131 mythol.
711 3087 845 3123 Graeca
876 3088 1059 3132 1.p.373.
1088 3109 1130 3113 —
1157 3087 1376 3132 Welckexus,
1403 3089 1495 3122 G'ott
1496 3088 1631 3132 ,1-,101110
1658 3099 1737 3133 pag.

102 3134 259 3177 18—20;
285 3142 360 3177 pag.
392 3135 472 3169 210.
533 3134 559 3179 ¹)
586 3135 656 3168 ind.
683 3134 762 3169 lect.
791 3136 875 3170 aest.
902 3135 1053 3170 Berolin.
1085 3139 1184 3171 1882.
