1976 3294
715 136 975 174 ,7--

32 282 186 337 ipsi'in
225 292 353 321 usum
391 291 591 320 vocemus
623 285 663 319 et
699 277 1008 332 perpendamus
1047 289 1095 317 ea
1127 288 1235 330 quae
1267 272 1418 316 Catulli
1455 282 1668 314 commen-

3 346 186 383 .tat0res
217 344 257 380 et
289 339 358 379 alii
390 339 471 379 viri
503 338 626 389 docti,
665 338 739 391 qui
778 336 1082 378 recentioribus
1120 334 1380 390 temporibus
1418 333 1470 374 de
1507 331 1669 374 Catullo

35 401 306 454 scripserunt,
352 399 404 439 de
450 410 499 439 ea
543 410 589 438 re
620 398 927 450 iudicaverunt,
974 402 1014 437 et
1061 395 1347 437 demonstrare
1389 393 1670 447 suscipiamus

33 459 207 500 Lesbiae
240 470 393 499 nomen
425 470 500 512 pro
533 455 677 498 Clodia
708 457 889 511 positum
930 468 1031 497 esse.
1094 456 1236 509 Atque
1277 454 1464 509 primum
1498 452 1670 507 quidem

36 519 159 560 liceat
188 518 385 573 persequi
419 516 554 571 qualis
577 515 726 558 Lesbia
757 515 884 557 fuerit
915 519 955 557 et
987 528 1092 569 quas
1115 513 1269 568 Catulli
1299 526 1398 567 erga
1429 525 1522 554 eam
1553 524 1672 553 amor

39 577 356 619 vicissitudines
386 576 591 627 habuerit,
625 580 718 617 tum
750 579 941 617 accurate
973 587 1266 629 comparemus
1307 586 1356 614 ea
1394 585 1502 627 quae
1542 572 1671 626 scrip-

38 642 150 679 tores
181 637 345 690 antiqui
376 636 427 677 de
459 635 603 677 Clodia
637 635 934 690 quadrantaria
965 634 1236 675 tradiderunt.

179 696 389 737 Memores
435 707 600 749 semper
648 696 782 736 simus
838 694 991 736 Catulli
1045 697 1086 735 et
1132 694 1280 735 aetatis
1328 696 1369 734 et
1415 691 1583 744 saeculi,
1616 703 1670 731 ne

39 757 242 797 iniustam
280 755 331 796 de
373 767 422 796 eo
464 754 651 795 feramus
697 755 959 796 sententiam.
1022 753 1151 795 Poeta
1191 751 1527 808 peradulescens,
1573 764 1673 791 cum

39 817 210 856 omnino
242 814 373 855 animi
402 813 553 855 fervidi
584 814 1029 867 vehementissimique
1058 813 1196 867 fuerit,
1227 825 1322 853 raro
1355 823 1526 852 auream
1556 810 1672 850 illam

40 875 160 929 quasi
210 875 340 914 animi
389 873 732 924 mediocritatem,
793 886 887 914 raro
929 886 1108 927 aequam
1156 885 1284 926 quam
1331 871 1431 912 dicit
1469 869 1673 911 Horatius

40 939 224 975 mentem
256 933 448 974 servavit.
496 933 610 973 Hinc
627 934 756 973 animi
787 932 941 974 ferocia
972 934 1064 974 eius
1094 933 1138 972 in
1171 930 1386 972 amoribus
1418 943 1504 971 non
1535 929 1675 971 solum

40 994 113 1035 sed
154 994 279 1034 etiam
318 993 362 1032 in
411 992 534 1033 odiis:
581 993 679 1033 hinc-
718 993 944 1034 tenerrima.
989 993 1034 1033 in
1081 992 1238 1032 amicos
1284 991 1447 1043 caritas,
1492 1002 1676 1044 quorum

38 1052 208 1094 fraudes
239 1051 442 1106 dolosque
472 1052 591 1092 initio
625 1065 676 1094 ne
699 1053 938 1107 suspicatur
958 1051 1141 1105 quidem.
1186 1050 1267 1093 Sed
1291 1064 1390 1092 cum
1412 1050 1677 1104 cognovisset

40 1125 111 1154 eos
142 1117 324 1153 amatam
356 1125 379 1151 a
410 1123 454 1152 se
471 1111 722 1165 abalienare,
751 1112 999 1166 gravissima
1017 1112 1194 1152 crimina
1225 1123 1310 1151 non
1330 1118 1501 1151 veretur
1520 1108 1677 1150 inferre

42 1173 115 1224 eis,
148 1184 254 1226 quos
286 1171 358 1211 diu
376 1184 451 1225 pro
468 1171 614 1212 amicis
630 1171 846 1222 habuerat,
879 1170 1135 1225 quibuscum
1157 1170 1291 1211 multo
1323 1182 1407 1210 usu
1424 1170 1677 1211 coniunctus

41 1232 187 1273 fuerat.
249 1231 299 1271 In
333 1230 547 1271 Catullum
580 1243 750 1285 quoque
792 1230 976 1285 perbene
1021 1230 1230 1284 quadrant
1275 1240 1324 1271 ea
1365 1241 1473 1283 quae
1519 1228 1678 1270 Seneca

44 1291 144 1331 dicit
175 1290 244 1345 (de
286 1293 421 1344 tranq.
468 1291 598 1330 animi
641 1292 830 1340 15.16);
875 1290 1043 1331 nullum
1080 1303 1286 1344 magnum
1324 1289 1545 1342 ingenium
1586 1289 1678 1329 sine

44 1351 234 1391 mixtura
280 1349 524 1390 dementiae.
558 1349 701 1391 fuisse.
779 1350 1070 1404 Temperantia
1117 1354 1158 1391 et
1205 1349 1492 1390 moderatione
1542 1348 1679 1388 caruit

47 1409 250 1461 Catullus,
282 1412 323 1449 at
352 1422 506 1463 magna
538 1414 626 1450 erat
657 1410 748 1451 eius
766 1410 980 1450 temeritas
1010 1409 1256 1463 levitasque,
1290 1422 1373 1462 qua
1404 1407 1526 1449 abusi
1557 1419 1679 1461 saepe

44 1482 142 1510 eum
175 1469 429 1522 deceperunt
459 1472 500 1509 et
530 1469 654 1509 amici
685 1473 725 1510 et
756 1474 927 1510 amatae.
986 1469 1054 1509 Ad
1086 1468 1281 1510 libidines
1312 1467 1561 1523 procliviore
1592 1469 1681 1508 erat

44 1529 196 1582 animo,
230 1541 359 1581 quam
389 1540 465 1582 par
496 1532 570 1577 est,
602 1528 674 1569 sed
706 1541 930 1570 caveamus
962 1541 1015 1569 ne
1045 1528 1108 1568 illi
1140 1528 1218 1570 soli
1254 1529 1526 1582 imputemus,
1566 1526 1676 1580 quod

49 1589 173 1629 aetati
219 1587 443 1628 universae
489 1588 790 1641 assignandum
828 1592 901 1630 est.
962 1587 1195 1629 Multorum
1243 1588 1481 1628 carminum
1528 1586 1681 1628 Catulli

43 1660 194 1702 parum
210 1646 462 1700 pudicorum
493 1646 753 1688 obscoenitas
785 1649 862 1688 etsi
892 1647 1109 1689 fastidium
1125 1647 1246 1688 nobis
1277 1650 1430 1698 movet,
1461 1659 1514 1688 ne
1546 1649 1681 1687 simus

48 1706 166 1747 obliti
199 1709 406 1759 quantum
439 1707 571 1747 nostri
612 1719 751 1748 mores
789 1707 945 1748 distent
981 1721 1005 1748 a
1041 1707 1230 1748 moribus
1277 1706 1605 1761 corruptissimis
1642 1709 1682 1745 et

45 1766 396 1819 inquinatissimis
427 1765 598 1823 illorum
630 1771 880 1820 temporum,
914 1766 1070 1820 quibus
1104 1766 1295 1808 Catullus
1326 1767 1443 1807 vixit.
1506 1765 1682 1807 Summa

48 1824 296 1866 credulitate
333 1824 543 1866 eminebat
582 1825 785 1878 Catullus,
823 1839 875 1867 ex
917 1839 1000 1880 qua
1035 1826 1246 1881 profectus
1284 1829 1347 1867 est
1378 1828 1576 1866 constans
1611 1824 1682 1866 ille

47 1897 165 1925 amor
179 1883 274 1924 vilis
289 1884 492 1937 mulieris,
511 1897 618 1938 quae
642 1886 885 1939 saepissime
904 1886 1065 1940 decepit
1078 1885 1183 1926 nihil
1198 1885 1360 1926 fraudis
1377 1886 1680 1939 suspicantem,

46 1944 145 1984 hinc
180 1943 252 1984 illa
297 1943 466 1994 laetitia,
498 1957 582 1998 qua
626 1945 819 1998 exsultat,
852 1958 951 1986 011111
981 1945 1139 1999 perfida
1168 1944 1252 1986 fido
1291 1957 1336 1986 se
1366 1945 1551 1986 restituit
1580 1957 1682 1985 mox

48 2016 146 2044 eum
179 2003 406 2044 (1030111113.
453 2003 619 2057 Insigni
656 2004 846 2045 Catullus
885 2017 1026 2046 amore
1064 2008 1190 2059 atque
1231 2004 1315 2046 fide
1353 2017 1451 2059 erga
1488 2003 1682 2046 Lesbiam

47 2062 139 2116 fuit,
172 2062 401 2115 „cariorem
437 2062 554 2103 illam
594 2063 740 2116 oculis,
776 2064 861 2104 vita
894 2065 1119 2105 cariorem“
1152 2063 1309 2105 habuit.

186 2121 369 2176 Tempus
407 2135 493 2175 quo
538 2123 726 2176 primum
772 2124 817 2163 in
869 2122 1063 2164 Lesbiam
1108 2136 1249 2164 amore
1300 2123 1588 2164 inflammatus
1632 2124 1685 2163 sit

48 2179 238 2222 Catullus
269 2181 358 2235 ipse
388 2181 574 2222 indicare
606 2181 899 2237 Hescampi01)
931 2183 1100 2224 videtur
1131 2196 1163 2225 c.
1198 2183 1291 2236 682²,
1323 2196 1361 2224 v,
1398 2184 1470 2224 15:

264 2238 455 2283 „Tempore
481 2250 548 2283 quo
573 2239 728 2284 primum
753 2240 864 2275 vestis
890 2240 981 2275 mihi
1006 2240 1137 2276 tradita
1160 2244 1281 2285 purast

262 2286 463 2321 Iucundum
489 2298 572 2322 cum
597 2293 695 2322 aetas
720 2287 846 2323 florida
869 2298 935 2323 ver
958 2291 1087 2332 ageret,

265 2332 378 2367 Multa
401 2334 489 2369 satis
513 2334 598 2369 lusi:
624 2345 690 2370 non
717 2338 771 2370 est
796 2335 863 2370 dea
886 2336 1007 2371 nescia
1031 2335 1141 2370 nostri

269 2378 372 2421 Quae
398 2380 539 2416 dulcem
565 2383 660 2417 curis
684 2383 812 2417 miscet
836 2383 1072 2418 amaritiem.“

51 2428 233 2482 Tempus
265 2431 417 2481 autem,
463 2443 548 2483 quo
585 2431 771 2484 primum
808 2432 938 2472 vestis
984 2445 1092 2485 pura
1129 2432 1279 2473 tradita
1317 2435 1391 2485 est,
1430 2431 1533 2473 nihil
1571 2432 1686 2473 aliud

53 2486 289 2541 significare
309 2491 445 2542 potest
466 2490 549 2530 nisi
579 2494 759 2543 tempus,
792 2504 876 2544 quo
899 2494 1040 2545 togam
1070 2491 1235 2532 virilem
1267 2493 1458 2546 sumpsit,
1495 2492 1538 2532 id
1574 2492 1687 2546 quod

19 2544 28 2551 ”
53 2559 164 2587 anno
186 2550 304 2588 sexto
321 2547 482 2588 decimo
499 2550 644 2590 aetatis
658 2548 750 2590 fieri
764 2549 971 2604 solebat.2)
993 2549 1248 2605 Magnopere
1264 2556 1406 2592 autem
1423 2550 1569 2592 dubito
1581 2565 1687 2592 num

53 2604 395 2647 adulescentulus
411 2607 602 2649 nondum
633 2609 872 2650 vicenarius
895 2621 970 2650 ver
987 2610 1134 2651 aetatis
1154 2610 1239 2651 iam
1262 2611 1526 2665 praeteriisse
1549 2611 1687 2652 dicere

54 2665 237 2719 potuerit
262 2677 294 2706 c.
313 2666 405 2718 68³,
427 2679 465 2709 v,
487 2668 551 2709 16.
577 2666 669 2716 Qua
696 2668 747 2709 de
763 2681 891 2710 causa
913 2682 998 2709 non
1015 2682 1189 2723 possum
1211 2671 1404 2711 assentiri
1421 2670 1687 2725 HescampiO,

56 2725 130 2778 qui
146 2723 473 2778 paulum—forte
489 2725 877 2782 biennio—tempus
890 2727 994 2769 illud
1011 2729 1123 2770 vitae
1139 2729 1391 2771 mutandum
1407 2742 1498 2771 esse
1512 2734 1690 2782 censeat,

57 2784 138 2836 „ita
180 2787 229 2824 111
265 2781 454 2826 Catullus
500 2786 789 2841 duodeviginti
834 2800 968 2829 annos
1014 2788 1140 2828 n'atus
1184 2788 1315 2831 fuisse
1345 2789 1573 2831 videa'tur‘fi
1635 2789 1689 2830 Et

58 2842 285 2883 vehemens
302 2847 582 2899 constansque
599 2859 718 2887 amor
739 2845 912 2887 Lesbiae
936 2851 976 2888 et
998 2848 1185 2888 carmina
1215 2848 1267 2889 ad
1283 2848 1399 2889 illam
1422 2850 1688 2903 spectantia3)

202 2935 227 2980 ¹)
265 2935 308 2971 de
346 2935 472 2972 Catulli
508 2937 584 2973 vita
626 2941 662 2973 et
698 2939 831 2984 ordine,
883 2950 951 2984 quo
1001 2940 1158 2975 earmina
1207 2941 1378 2976 amatoria
1427 2944 1509 2976 sunt
1546 2942 1689 2986 scripta,

57 2981 261 3018 Mouasterii
289 2986 390 3019 1869.
416 2994 492 3029 pag.
521 2987 575 3021 16.
627 2985 653 3029 ²)
691 2989 732 3022 A.
760 2986 817 3021 W.
851 2985 1040 3031 Beckerus,
1079 2986 1167 3023 Gall.
1192 2987 1240 3024 Π.
1268 2999 1345 3034 pag.
1374 2992 1434 3032 91;
1476 2991 1657 3033 praeterea
1681 2999 1689 3022 :

56 3028 313 3122 ἓίχῗὲῑὲἓέᾱωε,
344 3030 367 3065 1.
401 3041 431 3067 c.
457 3042 489 3076 p.
524 3035 587 3068 121
622 3043 672 3078 sq.
726 3033 754 3077 ³)
787 3033 942 3079 Excepto
979 3035 1127 3070 fortasse
1158 3035 1317 3070 omnium
1355 3037 1469 3081 primo
1500 3047 1519 3071 e
1550 3035 1690 3081 Sappho
