1976 3294
649 758 717 811 ne
755 755 1142 811 Lesbia-clodia.

222 868 290 910 Ad
327 871 455 908 totam
495 865 646 907 Catulli
688 866 819 905 vitam
864 864 1041 904 maximi
1088 861 1289 903 momenti
1327 863 1415 902 erat
1462 860 1554 901 eius
1598 871 1719 900 amor

75 928 282 981 mulieris,
320 927 389 968 cui
426 938 580 967 nomen
618 924 770 965 indidit
809 922 1040 977 „Lesbiae“.
1110 920 1191 971 Qui
1231 932 1349 961 amor
1386 931 1533 961 omnes
1570 923 1718 973 poetae

80 989 191 1029 vires
235 985 478 1027 intendebat
523 986 591 1037 ita,
638 988 686 1025 ut
730 987 822 1024 totav
862 983 948 1023 vita
994 982 1086 1023 eius
1131 981 1255 1035 plane
1308 979 1407 1020 inde
1451 978 1717 1033 dependeret·

81 1046 218 1096 Quem
250 1047 381 1087 animi
411 1044 604 1086 ardorem
636 1043 1057 1084 vehementissimum
1094 1040 1226 1081 fuisse
1267 1052 1351 1080 non
1392 1038 1530 1080 solum
1563 1037 1718 1082 Catulli

82 1107 227 1161 ipsius,
271 1105 344 1147 sed
395 1105 521 1146 etiam
565 1107 784 1158 poetarum
829 1101 1071 1155 aequalium
1116 1100 1485 1154 posteriorumque
1530 1099 1719 1139 carmina

82 1166 279 1207 indicant.
344 1163 438 1206 Una
469 1162 619 1204 Lesbia
649 1162 806 1203 famam
845 1172 1085 1214 nomenque
1124 1162 1349 1200 consecuta
1386 1157 1450 1199 est
1480 1170 1535 1199 ex
1564 1157 1719 1212 puellis

82 1238 107 1266 a
143 1224 306 1266 Catullo
344 1224 504 1275 amatis,
544 1221 692 1263 Lesbia
728 1221 811 1272 illa,
849 1220 900 1261 de
934 1233 1018 1274 qua
1054 1220 1166 1260 canit
1202 1219 1292 1273 ipse
1330 1230 1362 1258 c.
1396 1218 1451 1259 86
1468 1230 1505 1259 5:
1545 1217 1719 1271 „Lesbia

82 1284 264 1325 formosa
295 1287 368 1337 est,
402 1295 509 1337 quae
526 1295 624 1322 cum
646 1281 930 1336 pulcherrima
961 1282 1097 1331 totast,
1128 1284 1220 1319 tum
1241 1276 1439 1319 omnibus
1462 1290 1548 1318 una
1571 1289 1720 1318 omnes

86 1344 292 1398 surripuit
321 1342 533 1394 veneres,“
565 1341 728 1391 Lesbia,
773 1340 823 1380 de
850 1352 934 1393 qua
966 1338 1187 1380 retinenda
1217 1341 1338 1392 poeta
1376 1349 1545 1378 summo
1575 1336 1720 1377 furore

86 1402 194 1443 bella
224 1402 428 1457 pugnavit
449 1401 662 1442 acerrima.
708 1399 849 1440 Talem
873 1411 918 1440 se
949 1397 1142 1452 praebuit
1164 1397 1355 1438 Catullus
1378 1397 1423 1437 in
1446 1395 1719 1450 carminibus,

76 1462 225 1516 vqualis
262 1464 350 1502 erat
387 1465 427 1502 et
463 1459 643 1512 vivebat,
680 1458 786 1499 nihil
823 1459 974 1499 cecinit
1009 1458 1092 1498 nisi
1130 1457 1242 1511 quod
1280 1457 1370 1511 ipse
1407 1459 1607 1510 expertus
1638 1459 1719 1501 est:

87 1521 201 1575 quod
244 1520 452 1561 affirmare
498 1520 734 1560 carminum
778 1519 968 1572 ipsorum
1000 1516 1138 1558 colore
1181 1516 1408 1570 indoleque
1438 1515 1638 1557 iubemur
1682 1521 1724 1557 et

87 1581 261 1622 veritate
291 1579 375 1632 illa,
407 1592 535 1633 quam
567 1583 608 1619 et
638 1579 682 1618 in
715 1578 836 1619 dictis
867 1581 908 1618 et
929 1578 973 1618 in
1006 1577 1141 1618 sensis
1158 1575 1311 1617 Catulli
1334 1574 1556 1625 habemus3
1581 1588 1722 1630 ,quam

78 1640 177 1681 sola
207 1640 304 1691 vita,
336 1638 453 1679 nulla
472 1643 562 1679 arte
594 1642 667 1678 aut
697 1637 966 1677 meditatione
982 1639 1240 1690 procreatam
1272 1647 1520 1677 esse.uemo
1541 1634 1722 1689 negabit.

90 1698 147 1740 Ut
187 1699 371 1753 percepit
415 1699 556 1738 animo
599 1697 754 1737 amoris
794 1696 948 1750 gaudia
988 1699 1028 1736 et
1071 1695 1248 1747 dolores,
1291 1698 1339 1735 ut
1383 1695 1568 1749 percepit
1612 1694 1725 1735 bona

90 1758 296 1812 malaque,
335 1758 394 1798 sic
432 1756 691 1797 carminibus
729 1755 956 1807 mandavit,
993 1754 1116 1809 plane
1154 1758 1202 1795 ut
1239 1754 1290 1795 de
1327 1766 1376 1795 eo
1414 1754 1551 1796 dicere
1589 1753 1725 1807 liceat,

80 1817 203 1871 -quod
234 1817 437 1858 Horatius
469 1816 519 1857 de
551 1815 712 1856 Lucilio
744 1814 966 1873 praedicat,
997 1814 1078 1856 Sat.
1110 1813 1164 1854 II.
1201 1815 1236 1854 1.
1257 1826 1296 1853 30
1327 1827 1439 1868 sqq:

302 1885 390 1931 „llle
415 1885 514 1920 velut
536 1885 617 1920 fidis
643 1895 773 1920 arcana
797 1883 976 1919 sodalibus
1001 1883 1087 1919 olim

304 1933 502 1978 „Credebat
525 1932 637 1976 libris,
659 1943 776 1976 neque
801 1933 831 1966 si
858 1931 951 1966 male
978 1932 1142 1975 cesserat,
1168 1941 1319 1976 usquam

303 1981 527 2025 „Decurrens
552 1980 621 2015 alio
646 1990 758 2024 neque
784 1979 815 2014 si
839 1979 945 2022 bene3
971 1989 1039 2023 quo
1063 1978 1103 2013 fit
1126 1981 1167 2014 ut
1191 1979 1306 2014 omnis

306 2028 461 2072 „Votiva
485 2030 602 2072 pateat
626 2026 738 2061 veluti
764 2027 941 2070 descripta
967 2026 1118 2061 tabella“

304 2075 413 2119 „Vita
436 2076 542 2110 senis.
569 2076 638 2100 -“

234 2135 441 2189 Carmina,
480 2135 636 2190 quibus
683 2136 931 2176 nominatim
977 2134 1126 2176 Lesbia
1171 2135 1414 2189 appellatur,
1460 2139 1560 2177 sunt
1603 2136 1725 2178 haec:

81 2209 127 2237 ⁴c.
164 2196 216 2248 V,
254 2195 348 2247 VII,
386 2195 452 2248 LI,
488 2194 671 2247 LXXII,
711 2193 889 2247 LXXV,
931 2193 1066 2243 CVII;
1115 2200 1328 2248 praeterea
1371 2199 1729 2237 commemoratur

94 2253 243 2296 Lesbia
272 2255 315 2295 in
348 2255 413 2295 his
445 2254 723 2295 carminibus:
762 2252 1019 2306 XXXXIII,
1050 2253 1204 2306 LVIII,
1241 2253 1446 2307 LXXIX,
1477 2253 1728 2309 LXXXIII,

90 2311 339 2365 LXXXVI,
370 2313 638 2355 LXXXXII.
702 2314 881 2367 Insuper
920 2326 1099 2367 magnus
1140 2326 1344 2355 numerus
1382 2315 1620 2355 carminum
1652 2320 1728 2367 est,

95 2384 204 2426 quae
242 2372 343 2425 quin
382 2372 432 2412 ad
465 2373 639 2413 eandem
671 2372 853 2427 puellam
887 2378 1085 2426 spectent,
1133 2374 1328 2427 quamvis
1360 2373 1533 2414 Lesbiae
1571 2386 1726 2415 nomen

97 2443 181 2471 non
213 2430 448 2485 praebeant,
480 2430 671 2472 dubitare
703 2445 787 2472 non
819 2444 1046 2485 possumus
1078 2434 1237 2473 ratione
1268 2432 1408 2473 habita
1439 2438 1479 2474 et
1501 2446 1727 2487 argumen-

97 2495 235 2530 torum
268 2491 563 2530 universorum
597 2494 637 2531 et
674 2490 938 2543 singularum
972 2491 1235 2544 quarundam
1284 2491 1639 2546 significationum
1687 2500 1730 2534 et

98 2548 248 2590 coloris
277 2549 391 2590 illius
422 2549 656 2603 peculiaris,
688 2550 762 2603 qui
794 2551 953 2590 nonita
985 2549 1208 2591 difficulter
1239 2556 1373 2605 potest
1389 2554 1570 2603 agnosci.
1618 2552 1729 2594 Sunt

92 2612 239 2649 autem
270 2607 369 2649 haec
399 2609 665 2662 potissimum
684 2610 886 2649 carmina:
918 2608 1100 2661 II,III,¹)
1118 2609 1236 2661 VIII,
1259 2609 1336 2661 XI,
1353 2609 1498 2665 XXX,
1516 2610 1729 2664 XXXVI,

94 2665 331 2719 XXXVII,
374 2666 603 2715 XXXXII,
635 2667 833 2720 LXVIII,
864 2667 1001 2719 LXX,
1041 2667 1242 2723 LXXIII,
1273 2668 1472 2723 LXXVI,
1505 2670 1728 2726 LXXVII,

94 2724 326 2777 LXXXII,
356 2724 577 2779 LXXXV,
607 2725 854 2779 LXXXXI,
888 2727 933 2779 C,
964 2727 1070 2773 ClV,
1104 2727 1212 2770 CIX.
1245 2754 1299 2758 ——

243 2783 457 2833 Quaenam
488 2787 569 2827 fuit
600 2786 700 2827 haec
731 2787 883 2841 puella,
921 2788 1004 2838 egui·
1023 2787 1214 2828 Catullus
1246 2801 1290 2829 se
1321 2801 1395 2843 per
1426 2802 1624 2843 magnam
1655 2794 1730 2831 aut

92 2843 240 2897 *potius
286 2844 525 2897 primariam
580 2846 689 2886 vitae
739 2850 898 2900 partem
946 2846 1133 2887 dicavit?
1209 2846 1330 2889 Duae
1376 2849 1584 2903 imprimis
1630 2855 1732 2891 sunt

104 2914 266 2955 causae,
312 2914 389 2942 cur
432 2902 664 2957 plurimum
709 2906 873 2946 intersit
920 2909 1061 2946 utrum
1110 2907 1355 2959 ignoremus
1407 2921 1459 2948 an
1513 2909 1730 2963 cognitum

103 2959 343 3012 habeamus,
381 2974 488 3015 quae
519 2962 646 3004 fuerit
679 2962 835 3005 Lesbia.
891 2963 999 3005 Nam
1032 2966 1066 3006 si
1099 2965 1221 3019 plane
1253 2971 1532 3021 accurateque
1564 2981 1732 3022 nomen,

245 3067 271 3109 1)
297 3064 394 3108 Quae
430 3069 590 3111 poemata
622 3067 793 3104 Martialis
830 3070 959 3105 diserte
991 3071 1035 3106 ad
1068 3070 1231 3107 Lesbiam
1257 3072 1410 3113 rettulit;
1443 3073 1486 3109 cf.
1524 3074 1731 3119 epigramm.

98 3111 184 3156 vn,
219 3116 290 3149 14.ss
315 3124 388 3158 sqq.
428 3116 463 3148 et
487 3113 669 3159 X1V,·77.
696 3135 739 3140 —
