1976 3294
947 207 998 213 --
1064 182 1233 222 22.-

296 325 520 379 disputavit
550 323 652 377 (var.
684 322 772 363 lect.
804 322 834 362 Ι.
866 321 927 371 5);
961 333 1078 373 „cum
1111 319 1155 362 P.
1188 319 1329 360 Clodio
1360 330 1497 372 neque
1528 317 1669 359 Cicero
1700 317 1898 372 quamvis

296 383 406 423 illius
434 381 601 435 flagitiis
644 384 684 421 et
720 378 944 420 sceleribus
974 377 1215 419 enarrandis
1253 377 1375 418 unice
1412 376 1576 417 deditus
1611 387 1748 430 neque
1783 375 1902 416 alius

297 442 467 493 scriptor
504 443 690 480 veterum
727 450 815 479 eam
863 449 987 491 quam
1019 437 1096 477 hoc
1140 435 1322 476 carmine
1359 434 1547 476 Catullus
1588 433 1890 488 turpitudinem

299 510 496 551 umquam
543 496 747 547 obiecerit,
799 495 849 536 de
899 495 1012 535 illius
1057 493 1357 547 vituperatione
1402 492 1572 546 cogitari
1623 504 1706 533 non
1757 499 1902 546 posse.
1970 529 1976 545 Ι

297 558 448 609 Aperte
493 559 635 595 contra
680 555 932 607 epigramma
976 553 1020 592 in
1066 551 1240 593 Sextum
1273 549 1476 602 Clodium,
1521 550 1813 590 administrum
1851 553 1892 590 et
1931 582 1934 584 .
1969 546 1976 570 ⁵

297 613 499 654 adseclam
531 612 575 653 P.
591 611 734 663 Clodii,
765 612 963 664 scriptum
995 622 1095 651 esse.
1144 609 1317 650 Sextum
1349 613 1486 649 autem
1519 607 1709 649 Clodium
1726 607 1899 649 Clodiae

298 671 610 725 quadrantariae
642 670 792 710 sororis
823 668 868 710 P.
901 668 1044 720 Clodii,
1082 668 1119 708 h.
1151 679 1182 708 e.
1213 666 1397 719 Lesbiae,
1439 666 1732 720 cunnilingum
1763 665 1898 707 fuisse

300 729 374 770 hos
405 728 612 769 Ciceronis
644 727 755 768 locos
790 727 948 767 testari:
986 726 1036 766 de
1073 725 1193 766 domo
1235 726 1357 776 10.25;
1398 725 1519 774 18.4⁷;
1558 725 1682 775 31.s.0‚;
1720 724 1771 765 de
1806 724 1891 765 har.

300 799 403 840 resp.
436 787 531 836 6.n;
564 798 637 840 pro
668 785 773 826 Cael.
806 786 929 834 32.τε;
964 784 1014 824 de
1046 784 1166 824 domo
1202 784 1323 834 10263
1359 783 1480 833 18.4s;
1516 782 1654 824 19.50.“

439 843 539 885 Uter
559 844 683 884 fuerit
705 842 872 883 Clodius
894 842 1029 882 adhuc
1050 842 1128 883 sub
1150 842 1287 882 iudice
1307 841 1358 882 lis
1380 844 1452 882 est.
1503 840 1678 882 Sextum
1702 839 1893 881 Clodium

298 903 424 943 fuisse
455 901 581 955 Lipsii
612 902 855 942 sententiam
885 901 1015 941 secuti
1056 901 1295 953 nuperrime
1325 899 1530 953 imprimis
1561 898 1608 940 Β.
1638 898 1899 940 Schmidtius-

299 965 339 1000 et
354 960 696 1000 A.Bael1rensius
711 958 884 1012 probare
914 959 1048 998 conati
1080 962 1188 999 sunt.
1235 958 1340 998 Cum
1358 955 1532 998 Lesbius
1548 958 1625 998 iste
1655 969 1686 998 c.
1703 954 1892 997 LXXIX

300 1022 346 1058 ut
360 1017 529 1058 Lesbiae
560 1017 827 1070 cunnilingus
858 1017 1053 1070 capiatur,
1084 1028 1179 1057 eum
1212 1028 1301 1057 esse
1322 1019 1470 1070 putant
1491 1015 1665 1056 Sextum
1689 1014 1899 1066 Clodium,

301 1088 425 1129 quem
457 1075 506 1116 ad
548 1075 662 1115 illam
702 1074 914 1115 libidinem
946 1074 1193 1128 explendam
1239 1086 1404 1127 operam
1447 1086 1566 1114 suam
1610 1073 1894 1114 commodasse

300 1134 507 1174 Ciceronis
536 1133 595 1173 illi
637 1133 715 1173 loci
745 1133 842 1173 satis
873 1137 1009 1186 aperte
1038 1132 1233 1173 indicent.
1295 1131 1390 1172 Loci
1421 1135 1561 1172 autem
1599 1143 1653 1172 ex
1683 1130 1894 1171 Ciceronis

300 1191 462 1243 libris,¹)
494 1192 567 1245 qui
597 1192 694 1232 satis
716 1191 997 1231 demonstrant
1012 1190 1186 1231 Sextum
1218 1189 1408 1230 Clodium
1440 1202 1523 1230 non
1555 1194 1639 1230 tam
1669 1189 1892 1243 pulchrum

296 1248 422 1290 fuisse
453 1262 577 1302 quam
613 1249 848 1300 deformem,
883 1261 953 1290 eos
983 1256 1030 1289 ut
1059 1248 1260 1289 sententia
1290 1248 1488 1289 decedant
1517 1259 1777 1288 commovere
1807 1259 1891 1287 non

298 1313 479 1360 possunt.
546 1306 625 1355 Qui
662 1307 1033 1359 Vorlaenderum2)
1079 1308 1209 1347 secuti
1260 1310 1300 1346 et
1330 1306 1405 1347 hac
1447 1307 1490 1346 in
1543 1318 1587 1346 re
1636 1307 1772 1346 inesse
1809 1306 1894 1359 epi-

298 1366 535 1417 grammatis
565 1377 739 1406 acumen
762 1365 994 1406 aculeatum
1026 1365 1209 1405 arbitrati
1232 1365 1291 1404 sic
1311 1364 1438 1406 verba
1467 1364 1538 1404 illa
1554 1363 1668 1404 illius
1699 1364 1902 1404 carminis⁴

299 1423 607 1464 intellexerunt:
655 1423 873 1476 „Lesbium
916 1436 1013 1463 cum
1043 1427 1162 1463 antea
1193 1434 1355 1476 semper
1397 1421 1621 1463 deformem
1667 1421 1900 1474 habuerim,

299 1494 456 1522 errasse
492 1494 558 1522 me
595 1493 642 1522 eo
679 1485 845 1535 apparet
882 1481 991 1534 quod
1028 1480 1175 1522 Lesbia
1204 1480 1325 1521 illum
1369 1481 1471 1521 mihi
1514 1480 1759 1534 anteponit.“
1818 1479 1895 1521 Ille

299 1543 437 1580 autem
467 1539 560 1580 Sex.
579 1539 758 1590 Clodius,
791 1539 840 1580 de
872 1551 954 1593 quo
977 1539 1256 1580 Baehrensius
1287 1543 1328 1579 et
1358 1538 1403 1580 B.
1421 1538 1675 1580 Schmidtius
1705 1538 1896 1592 cogitant,

301 1610 383 1637 non
415 1602 501 1638 erat
530 1599 665 1651 gentis
696 1597 890 1638 Claudiae
921 1598 991 1638 sed
1024 1598 1146 1638 homo
1177 1596 1354 1637 obscuro
1394 1597 1484 1638 loco
1521 1601 1644 1638 natus
1675 1609 1902 1650 egensque,

300 1667 422 1708 quem
460 1668 483 1695 a
528 1655 673 1696 liberto
716 1655 877 1696 Claudii
921 1656 1107 1696 cuisdam
1151 1655 1375 1696 oriundum
1415 1655 1544 1696 fuisse
1582 1653 1896 1708 Drumannusss)

304 1712 566 1766 probabiliter
582 1715 814 1767 suspicatus
827 1717 898 1755 est.
944 1712 1077 1762 Quem
1097 1714 1254 1754 scimus
1266 1725 1340 1767 per
1356 1714 1495 1753 omnia
1530 1713 1570 1755 P.
1588 1713 1720 1754 Clodii
1736 1713 1895 1754 socium

299 1777 339 1811 et
369 1771 658 1812 administrum
689 1772 829 1824 fuisse,
859 1772 930 1813 sed
964 1772 1074 1813 unde
1097 1772 1196 1812 haec
1226 1776 1310 1812 tam
1343 1775 1431 1812 arta
1450 1771 1710 1812 familiaritas
1726 1772 1779 1812 sit
1801 1776 1901 1811 nata·

300 1841 518 1871 nescimus.

437 1887 569 1927 Aliter
600 1889 704 1928 hanc
726 1900 811 1928 rem
844 1889 1033 1928 tractavit
1049 1883 1330 1932 Schwabius4)
1363 1886 1487 1940 longa
1509 1886 1797 1940 disputatione,
1829 1888 1899 1928 cui

301 1945 540 1998 adstipulari
590 1946 654 1986 his
705 1946 851 1986 iubeor
902 1947 1047 1986 causis.
1129 1944 1254 1986 Recte
1306 1944 1495 1986 Muretus
1547 1945 1751 1986 intellexit
1802 1945 1896 1986 boe:

302 2003 510 2043 Catullum
556 2016 650 2044 eum
696 2003 893 2044 Lesbium
939 2003 1160 2057 pulchrum
1206 2003 1360 2044 diceret
1404 2002 1672 2056 ambiguitate
1718 2003 1895 2056 quadam

300 2074 422 2101 usum
454 2061 503 2101 ad
541 2061 585 2104 P.
617 2062 748 2102 Clodii
778 2074 1007 2115 cognomen
1040 2061 1256 2114 „Pulohri“
1283 2062 1531 2114 respexisse.
1593 2061 1686 2102 SeX.
1726 2061 1896 2102 Clodius

302 2118 414 2158 nulla
430 2121 734 2173 propinquitate
750 2121 862 2174 genti
889 2120 1157 2160 Claudiorum
1189 2120 1437 2160 coniunctus
1471 2119 1638 2160 Pulchri
1669 2131 1898 2172 cognomen

301 2176 448 2218 babere
479 2190 560 2217 non
593 2179 726 2231 potuit
749 2190 893 2231 -neque
924 2191 1125 2231 umquam
1150 2176 1304 2230 Cicero,
1336 2178 1408 2231 qui
1439 2189 1559 2231 saepe
1591 2189 1688 2218 eum
1719 2189 1898 2218 comme-

305 2240 447 2285 morat,
494 2236 569 2275 hoc
614 2249 765 2276 nomen
810 2237 847 2276 ei
887 2236 1047 2277 indidit.
1114 2235 1228 2276 Num
1274 2239 1413 2276 autem
1457 2236 1658 2276 acerrima
1698 2238 1898 2294 εἰρωνείᾳ

302 2295 393 2334 Sex.
412 2293 601 2334 Clodium
621 2294 845 2335 deformem
863 2293 1132 2348 „pulchrum“
1155 2294 1432 2334 nominaverit
1447 2292 1635 2334 Catullus
1652 2306 1900 2348 magnopere

301 2350 454 2392 dubito.
515 2354 571 2392 At
600 2350 645 2392 P.
678 2352 869 2393 Clodium
915 2364 959 2392 re
1003 2364 1099 2393 vera
1134 2351 1263 2392 fuisse
1306 2352 1527 2405 pulchrum
1571 2356 1741 2403 constat,
1787 2352 1899 2406 quod

301 2409 500 2462 imprimis
530 2415 702 2450 testatur
734 2410 1043 2463 Plutarchus25)
1075 2409 1124 2466 ἦν
1157 2412 1355 2461 Κλώδιος
1380 2410 1486 2466 α’νὴρ
1520 2411 1706 2466 εὐγενής,
1735 2413 1798 2468 τῇ
1820 2413 1900 2465 μὲν

303 2469 441 2525 ἡλικίᾳ
462 2471 567 2518 νέος,
611 2472 669 2526 “57
698 2472 746 2511 δὲ
773 2471 1018 2525 φρονήματι
1049 2470 1214 2526 θρασῦς
1243 2471 1317 2512 καί
1347 2470 1549 2526 αὐθάδης
1586 2481 1674 2522 sqq.
1706 2469 1753 2510 cf.
1792 2471 1900 2511 vitae

304 2526 415 2565 Caes,
451 2527 513 2567 10.
554 2540 642 2579 pag.
686 2529 787 2568 186:
830 2530 988 2584 ἐχώρει
1019 2531 1090 2586 νέᾳ
1111 2531 1283 2584 γυναικί
1309 2530 1385 2584 τήν
1415 2526 1520 2582 ὄψιν
1550 2530 1718 2577 ἐοικώς.
1794 2527 1902 2569 Aliis

302 2595 467 2636 quoque
498 2585 690 2625 adhibitis
721 2585 863 2638 locisss)
896 2587 1069 2640 pulchra
1098 2588 1201 2629 facie
1231 2587 1362 2628 fuisse
1393 2586 1585 2628 Clodium
1622 2585 1728 2626 bene
1758 2587 1901 2627 statuit

444 2732 469 2774 ¹)
493 2732 563 2767 Cic.
591 2733 624 2766 in
651 2732 718 2767 Pis.
747 2738 815 2769 uls:
840 2734 912 2777 „Tu
937 2734 1043 2779 (Piso)
1076 2762 1083 2769 .
1111 2762 1118 2769 .
1144 2762 1151 2769 .
1191 2735 1270 2770 Sex.
1298 2735 1467 2778 Clodium,
1495 2735 1555 2780 qui
1587 2745 1778 2780 numquam
1801 2738 1907 2770 antea

303 2779 534 2821 praetextatus
554 2779 683 2819 fuisset,
710 2779 807 2814 ludos
821 2782 933 2816 facere
958 2785 993 2815 et
1005 2785 1257 2825 praetextatum
1271 2782 1416 2816 volitare
1431 2792 1551 2825 passus
1564 2793 1611 2826 es,
1639 2783 1815 2817 hominem
1834 2782 1903 2816 im-

303 2833 425 2867 purum
451 2834 492 2859 ac
517 2835 582 2859 non
608 2826 707 2860 modo
732 2827 819 2860 facie
844 2827 904 2862 sed
929 2828 1034 2862 etiam
1051 2827 1150 2862 oculo
1173 2831 1232 2862 tuo
1246 2829 1527 2871 dignissimum.“
1554 2848 1596 2854 —-
1622 2828 1783 2863 Pisonem
1795 2828 1904 2863 fuisse

303 2870 491 2904 deformem
516 2870 581 2923 hoc
604 2871 679 2923 loeo
703 2873 880 2916 probatur:
910 2875 946 2907 in
971 2873 1042 2910 Pis.
1067 2874 1094 2909 Ι.
1125 2877 1157 2908 1:
1190 2874 1325 2918 „Nemo
1349 2877 1506 2919 queritur
1527 2874 1655 2919 Syrum
1679 2876 1906 2916 nescioquem

303 2916 346 2950 de
375 2926 477 2961 grege
502 2927 715 2952 noviciorum
745 2919 875 2953 factum
908 2929 984 2954 esse
1016 2921 1203 2956 consulem.
1240 2931 1305 2955 non
1330 2922 1423 2955 enim
1462 2931 1523 2956 nos
1544 2921 1638 2956 color
1671 2921 1739 2956 iste
1762 2919 1902 2956 servilis

304 2973 368 2996 non
399 2961 527 3006 pilosae
558 2974 664 3006 genae
694 2975 758 2998 non
792 2966 911 3000 dentes
941 2966 1070 3009 putridi
1102 2967 1347 3011 deceperunt.“
1398 2967 1424 3010 ²)
1458 2967 1508 3003 De
1536 2967 1722 3003 Catulhad
1741 2965 1904 3002 Lesbiam

304 3009 796 3059 carnunibns‚Bonna01864‚
820 3023 851 3055 p.
865 3015 898 3047 5.
925 3011 990 3055 ⁸)1.
1017 3024 1043 3047 c.
1072 3023 1103 3057 p.
1131 3017 1209 3049 386.
1259 3013 1289 3057 ⁴)
1314 3013 1335 3048 l.
1362 3025 1391 3049 c.
1424 3024 1500 3058 pag.
1526 3015 1699 3050 89—101.
1754 3012 1786 3057 ⁸)
1809 3013 1904 3047 vitae

303 3056 373 3089 Cic.
389 3059 443 3090 28.
459 3066 533 3100 pag.
547 3059 616 3092 800
636 3055 716 3092 Rsk.
757 3058 786 3101 ὅ)
811 3058 882 3093 Cic.
912 3058 948 3093 in
974 3058 1068 3094 Clod.
1090 3062 1125 3094 et
1138 3059 1207 3095 Cur
1233 3064 1282 3096 5.⁸
1296 3064 1331 3095 et
1347 3070 1379 3104 ⁴;
1404 3062 1448 3095 de
1461 3062 1600 3105 harusp.
1612 3069 1704 3104 resp.
1729 3062 1823 3095 21.u
1837 3061 1910 3094 etc..
