1976 3294
934 182 1217 222 -43-

280 324 532 377 scripserunt
568 322 688 372 diem,
731 320 986 374 (praesertim
1031 332 1127 360 cum
1163 319 1389 361 verisimile
1419 321 1472 361 sit
1506 320 1682 361 scribam
1720 320 1786 361 hic
1822 332 1878 362 ex

283 380 552 422 similitudine
582 391 729 419 versus
762 379 844 419 152
876 379 1088 432 scripsisse
1119 378 1281 430 „dies“.)

419 449 461 480 V.
494 436 603 481 149.
664 436 856 489 Denique
886 437 936 476 ad
957 436 1116 477 Allium
1148 436 1199 476 ad
1231 448 1354 489 quem
1387 436 1480 476 data
1510 439 1573 477 est
1601 435 1730 490 elegia
1760 436 1876 479 redit.

287 496 481 549 Plerique
511 496 590 535 viri
622 494 727 535 docti
760 507 796 536 V.
831 495 1059 535 149---160
1090 495 1296 548 epilogum
1334 506 1423 535 esse
1453 495 1648 535 carminis
1669 492 1878 535 LXVIIIb

284 559 462 594 censent.
530 552 691 601 Quibus
728 565 811 593 non
849 565 1018 606 possum
1063 552 1315 606 adstipulari.
1382 553 1491 600 Quin
1530 553 1573 592 hi
1609 564 1754 593 versus
1794 553 1877 593 sint

279 612 428 652 Catulli
459 624 541 652 non
573 610 726 651 dubito.
773 611 839 664 (A.
860 610 1052 660 Weisius,
1082 622 1285 664 program.
1308 610 1579 663 Naumburg.,
1608 614 1741 651 totum
1764 610 1877 651 hunc

279 670 416 710 locum
460 670 649 723 spurium
692 681 781 709 esse
819 669 1100 709 demonstrare
1143 668 1356 722 conaturl)
1423 669 1593 710 Certum
1629 669 1671 708 id
1709 680 1877 722 quoque

280 729 381 768 mihi
411 728 576 768 videtur
621 739 710 767 esse
747 739 816 767 eos
855 740 938 767 una
977 739 1072 767 cum
1111 728 1294 767 carmine
1338 727 1466 767 factos
1507 728 1739 780 missosque
1775 738 1875 768 esse.

279 786 455 826 Videtur
485 786 586 826 milii
623 789 741 839 poeta
778 785 840 825 his
872 784 1061 826 versibus
1099 785 1253 838 elegiae
1295 785 1510 839 adscriptis
1541 797 1704 825 carmen
1744 785 1876 825 amico

279 844 532 884 dedicavisse
563 844 628 897 (ut
658 845 713 883 ita
735 843 898 894 dicam).
943 842 1062 891 Quod
1095 847 1141 883 ut
1170 848 1311 897 putem
1343 844 1406 884 his
1437 855 1700 884 commoveor
1730 844 1876 884 causis.

280 903 486 953 Conferas,
517 907 621 955 peto
652 902 817 941 initium
850 903 1046 942 carminis
1075 900 1301 942 LXVIIIb:
1339 901 1455 954 „Non
1487 904 1658 955 possum
1695 903 1877 953 reticere,

278 961 387 1010 deae,
419 973 501 1013 qua
516 972 583 1000 me
598 959 764 999 Allius
754 973 797 999 ln
818 961 1051 1000 reiuverit‘
1073 972 1167 1000 cum
1191 961 1307 1000 initio
1331 960 1479 1000 horum
1510 972 1726 1000 versuum:
1760 959 1875 1012 „Hoc

277 1018 362 1068 tibi,
394 1031 476 1071 quo
507 1019 633 1071 potui,
665 1017 896 1071 confectum
920 1019 1101 1058 carmine
1122 1031 1276 1058 munus
1298 1031 1371 1071 pro
1390 1019 1544 1071 multis,
1575 1018 1672 1068 Alli,
1693 1018 1878 1058 redditur

278 1077 454 1117 officiisf‘
489 1076 542 1117 Ut
557 1076 640 1115 illic
661 1076 710 1115 de
728 1076 838 1116 Allio
855 1077 1051 1129 loquitur,
1083 1077 1148 1116 hic
1166 1089 1259 1116 eum
1279 1076 1514 1130 alloquitur,
1546 1077 1606 1116 sic
1627 1077 1669 1116 in
1687 1075 1877 1116 versibus

278 1135 346 1173 illa
375 1135 492 1174 initia
523 1134 793 1187 sequentibus
814 1134 920 1175 facit.
960 1134 1177 1175 Praeterea
1199 1139 1336 1175 autem
1359 1148 1397 1174 v.
1427 1135 1653 1176 150-152
1677 1134 1876 1175 simillimi

280 1197 377 1232 sunt
399 1205 436 1232 V.
460 1194 645 1233 41—50.
706 1192 758 1232 Et
779 1192 887 1232 idem
921 1194 1132 1233 continent
1163 1196 1202 1233 et
1233 1193 1374 1233 eadem
1399 1193 1485 1233 fere
1516 1192 1641 1233 verba
1670 1191 1877 1246 praebent.

277 1250 357 1304 (Ita
374 1250 518 1291 officiis
549 1257 588 1291 et
618 1263 656 1291 v,
691 1252 770 1290 151
805 1255 845 1290 et
875 1264 912 1291 v,
945 1252 1013 1302 42,
1043 1263 1196 1291 nomen
1227 1264 1264 1291 V.
1297 1252 1352 1292 49
1385 1257 1424 1292 et
1454 1265 1491 1292 v,
1525 1251 1609 1292 150
1639 1251 1877 1291 invenimus

277 1314 316 1348 et
347 1310 500 1362 „magis
530 1309 769 1362 magisque“
814 1322 850 1350 v,
883 1310 939 1349 48
977 1309 1235 1349 simillimum
1273 1314 1335 1350 est
1365 1311 1488 1362 „haec
1524 1314 1648 1362 atque
1683 1309 1754 1348 illa
1790 1308 1877 1348 dies

281 1373 404 1419 atque
435 1367 513 1406 alia
549 1372 673 1419 atque
709 1367 810 1406 alia“
842 1380 878 1407 v,
915 1367 1025 1420 152.)
1085 1367 1247 1421 Repetit
1276 1372 1394 1421 poeta
1439 1367 1742 1421 quodammodo
1787 1363 1877 1420 Per-

278 1425 457 1465 breviter
502 1437 560 1476 ea,
607 1437 712 1478 quae
757 1425 814 1465 ibi
861 1426 975 1467 dixit.
1056 1426 1137 1466 Hic
1183 1438 1362 1479 quoque,
1407 1427 1449 1465 in
1496 1425 1670 1479 epistula
1705 1425 1878 1465 carmini

278 1483 480 1535 adiuncta,
513 1496 635 1523 suum
669 1495 758 1523 esse
788 1487 905 1537 putat
933 1484 1085 1536 gratias
1117 1496 1237 1536 agere
1268 1485 1410 1525 amico.
1453 1483 1548 1524 Jam
1579 1488 1698 1537 poeta
1726 1483 1878 1536 gaudet

278 1554 367 1581 sese
398 1542 655 1581 remunerari
687 1554 806 1594 posse
836 1543 1017 1582 amicum
1049 1543 1084 1582 si
1116 1555 1196 1582 non
1230 1543 1317 1595 pari
1349 1546 1389 1582 at
1404 1547 1518 1595 grato
1541 1547 1675 1582 tamen
1694 1553 1876 1582 munere.

277 1599 450 1639 Carmen
496 1601 621 1639 mittit
666 1613 816 1653 magna
861 1600 1074 1653 diligentia
1119 1600 1351 1640 confectum
1398 1600 1508 1640 Allio
1554 1604 1664 1641 certe
1700 1599 1876 1640 aliorum

277 1658 478 1697 donorum
511 1671 593 1698 non
625 1658 838 1711 indigenti,
869 1659 941 1699 sed
972 1658 1225 1699 carminibus
1257 1671 1504 1712 magnopere
1531 1658 1728 1712 gaudenti
1752 1658 1877 1712 (sicut

273 1715 471 1756 Horatius
503 1716 628 1756 simili
659 1718 701 1756 in
734 1729 859 1757 causa
889 1729 922 1757 c.
953 1716 1024 1757 IV.
1058 1718 1103 1757 8:
1137 1716 1365 1769 „Donarem
1398 1717 1580 1770 pateras“
1600 1750 1607 1756 .
1627 1749 1635 1758 .
1656 1716 1682 1769 .)
1728 1715 1877 1757 Reddit

277 1786 455 1824 carmen,
485 1775 508 1814 i.
542 1787 575 1816 e.
606 1775 647 1814 in
682 1775 814 1815 vicem
847 1775 915 1815 dat
945 1779 992 1815 ut
1021 1776 1252 1829 praemium
1285 1775 1512 1815 multorum
1550 1774 1779 1816 officiorum
1810 1774 1876 1828 (cf.

276 1832 398 1885 Verg.
430 1833 534 1872 Aen.
565 1833 618 1873 II.
651 1834 755 1873 537:
787 1834 990 1887 „praemia
1021 1833 1194 1874 reddant
1224 1833 1399 1884 debita“;
1433 1833 1516 1874 Cat.
1534 1845 1566 1874 c.
1589 1832 1785 1873 LXXVI.
1801 1833 1878 1873 26:

276 1890 455 1942 „reddite
486 1891 562 1930 hoc
592 1903 665 1944 pro
698 1891 898 1944 pietate“).
960 1890 1150 1944 Denique
1195 1891 1390 1931 adscribit
1432 1891 1655 1944 plurimam
1702 1891 1875 1931 salutem

277 1954 316 1988 et
346 1949 478 1988 amico
509 1950 682 2001 eiusque
714 1950 846 1993 uxori,
878 1962 1001 2002 quam
1035 1962 1116 1990 non
1150 1950 1230 1989 nisi
1261 1950 1337 1989 hoc
1373 1949 1462 1989 loco
1494 1953 1800 2000 commemorat,
1837 1953 1877 1989 et

277 2006 391 2047 alten'
423 2007 555 2047 amico
586 2015 625 2047 et
639 2012 805 2048 amatae.
839 2032 893 2061 —7
926 2006 1088 2055 Quibus
1105 2007 1372 2048 consideratis
1387 2007 1464 2047 hoc
1480 2007 1637 2048 conicio
1654 2006 1874 2058 Catullum,

283 2066 391 2105 sicut
421 2066 595 2104 carmini
626 2064 777 2106 LXVI.
809 2066 1026 2119 epistulam
1065 2067 1286 2119 praemisit,
1315 2066 1339 2107 i.
1371 2078 1403 2106 e.
1436 2077 1601 2106 carmen
1632 2064 1775 2117 LXV.,
1818 2066 1878 2105 sic

281 2123 348 2162 hic
379 2123 429 2162 ad
461 2123 631 2177 elegiam
665 2123 715 2163 ad
748 2123 906 2164 Allium
939 2124 1073 2164 datam
1105 2124 1355 2164 adnexuisse
1385 2123 1616 2177 epistolium
1654 2124 1697 2163 in
1730 2135 1876 2164 versus

277 2181 500 2222 redactum.
561 2181 796 2233 (Praeterea
825 2186 934 2222 recte
979 2182 1195 2223 adnotasse
1240 2182 1342 2222 mihi
1387 2182 1552 2222 videtur
1580 2181 1751 2222 Ellisius
1781 2181 1875 2222 hoc:

278 2238 383 2290 „The
413 2238 618 2280 elaborate
648 2240 857 2280 character
902 2240 947 2281 of
986 2240 1055 2281 the
1084 2253 1204 2294 poem
1249 2241 1285 2281 is
1321 2241 1364 2280 in
1396 2243 1539 2294 strong
1569 2244 1749 2280 contrast
1777 2238 1876 2279 with

277 2298 345 2337 the
377 2298 570 2349 humility
601 2297 646 2338 of
670 2298 739 2338 the
768 2298 897 2352 poet’s
926 2298 1182 2352 language“.)

357 2369 365 2376 ·
396 2354 509 2395 Libri
541 2357 794 2409 scripserunt
829 2369 866 2397 ν.
908 2357 989 2397 149
1022 2356 1157 2410 „quod
1202 2356 1353 2410 potui“,
1394 2355 1582 2410 plerique
1612 2360 1747 2397 autem
1794 2355 1878 2396 edi-

281 2418 390 2454 tores
437 2415 712 2454 coniecturam
760 2413 912 2455 Mureti
955 2427 1061 2468 „quo
1106 2415 1243 2469 potui“
1285 2420 1542 2468 receperunt,
1585 2414 1695 2468 quod
1739 2413 1876 2468 probo.

277 2471 419 2522 „Quod
464 2472 602 2525 potui“
643 2473 765 2524 enim,
813 2473 1066 2527 ubicumque
1094 2474 1346 2524 invenimus,
1389 2474 1566 2527 pertinet
1609 2472 1659 2512 ad
1702 2471 1876 2513 verbum

278 2542 437 2580 regens,
468 2530 515 2570 cf.
547 2530 669 2583 Verg.
701 2530 786 2572 1301.
818 2530 891 2571 ΙΙΙ.
927 2532 999 2572 7οε
1060 2530 1202 2583 „Quod
1257 2531 1384 2585 potui,
1428 2531 1559 2585 pueri,
1603 2530 1782 2571 silvestri
1823 2542 1878 2571 ex

279 2587 424 2628 arbore
455 2588 558 2628 lecta
587 2601 713 2629 aurea
742 2589 850 2630 mala
881 2589 1021 2630 decem
1054 2590 1159 2641 misi,
1195 2602 1286 2630 cras
1315 2589 1441 2630 altera
1470 2589 1672 2639 mittam“;
1709 2587 1876 2630 Heroid.

279 2644 394 2686 VIII.
426 2647 470 2685 3:
504 2646 636 2699 „quod
668 2648 784 2700 potui
815 2648 976 2698 renui“;
1035 2646 1108 2688 ov.
1141 2660 1228 2688 rem
1264 2648 1364 2688 167:
1409 2646 1543 2701 „quod
1574 2647 1707 2700 potuit
1736 2658 1790 2687 ne
1818 2645 1876 2686 nil

279 2703 363 2743 illic
393 2710 594 2756 ageretur,
625 2706 818 2755 amavit“;
865 2705 908 2747 C.
939 2705 978 2746 J.
1009 2704 1052 2746 L.
1098 2705 1173 2746 ΠΙ.
1218 2706 1295 2746 21:
1356 2708 1419 2757 „et
1462 2704 1549 2757 tibi,
1595 2704 1705 2758 quod
1749 2705 1876 2758 potui,

279 2761 469 2802 lacrimas
500 2762 565 2801 hic
596 2768 750 2803 maesta
777 2763 975 2816 profudi“.
1007 2787 1061 2792 —
1094 2763 1227 2803 Aliter
1247 2775 1313 2804 res
1342 2775 1387 2803 se
1409 2762 1541 2815 habet,
1572 2763 1607 2803 si
1630 2762 1876 2804 substantivi

279 2819 455 2859 ablativo
486 2820 635 2860 modus
666 2820 922 2874 describitur,
969 2833 1052 2875 quo
1098 2821 1198 2875 quid
1233 2820 1308 2861 fiat
1342 2821 1430 2861 sive
1458 2821 1615 2861 factum
1647 2822 1710 2862 sit.
1770 2818 1875 2861 Cum

277 2877 347 2917 tali
394 2876 570 2918 ablativo
615 2879 882 2932 coniungitur
924 2878 1104 2920 formula
1147 2891 1254 2933 „quo
1286 2879 1422 2932 potui“
1468 2880 1555 2920 sive
1591 2891 1698 2932 „qua
1726 2877 1876 2932 potui“.

279 2935 327 2977 cf.
358 2935 499 2976 Jahnii
530 2936 657 2989 spicil.
707 2938 831 2990 epigr.
862 2950 890 2991 p
943 2938 1045 2978 108:
1091 2937 1191 2989 „hoc
1221 2971 1229 2979 .
1265 2971 1273 2980 .
1306 2969 1314 2979 .
1362 2949 1444 2991 quo
1490 2949 1659 2992 possum
1706 2947 1876 2978 munere

280 3006 406 3047 parvo
437 2995 699 3047 prosequoff‘.
755 2994 828 3036 Ov.
860 2996 953 3035 trist
988 2994 1060 3035 IV.
1104 2995 1224 3036 10.12:
1261 2995 1416 3049 „tristia
1447 3008 1529 3049 quo
1562 3007 1744 3049 possum,
1789 3005 1877 3034 car-

279 3053 393 3092 mine
422 3051 528 3093 iacta
570 3052 681 3102 levo;
729 3051 804 3094 ov.
845 3053 961 3107 epist.
1010 3054 1135 3094 13.41:
1183 3066 1290 3107 „quo
1335 3065 1502 3107 possum
1549 3052 1740 3106 squalore
1782 3054 1877 3092 tuos
