1976 3294
902 127 1194 166 ..10-

260 271 373 320 geret
403 266 715 319 impediverunt.
778 264 982 306 Maximas
1020 265 1279 306 difficultates
1317 266 1569 319 superandas
1606 266 1682 307 sibi
1720 267 1862 322 fuisse,

260 326 501 379 priusquam
533 336 673 364 amore
709 323 791 363 frui
824 328 973 377 posset,
1009 336 1042 364 c.
1080 323 1273 364 LXVIII.
1341 323 1527 365 Catullus
1564 324 1860 368 demonstravit

261 384 519 435 nimiumque
550 394 593 422 se
623 382 773 435 gestire
811 394 841 422 c.
880 381 933 422 LI
972 394 1007 423 ν.
1043 383 1095 422 14
1126 381 1336 435 professus
1373 386 1443 424 est.
1508 383 1645 436 Atque
1674 384 1856 438 primum

262 441 428 494 quidem
460 440 684 481 tenendum
724 444 784 480 est
815 439 1002 480 Lesbiam
1042 439 1170 480 nobili
1210 440 1296 479 loco
1333 439 1462 480 fuisse
1493 444 1637 492 ortam,
1672 442 1714 483 id
1747 443 1857 496 quod

262 512 308 539 eo
356 510 522 551 quoque
565 498 890 548 commendatur,
933 498 1043 551 quod
1091 497 1240 549 Allius,
1283 499 1347 537 vir
1392 499 1481 539 sine
1526 498 1652 539 dubio
1698 500 1859 553 nobilis,

263 555 498 597 amantibus
530 556 697 596 domum
730 569 849 596 suam
880 555 1078 609 praebuit.
1141 555 1182 596 Si
1220 558 1451 609 respexeris
1481 561 1687 610 praeterea
1727 559 1865 612 qualis

263 616 315 656 sit
345 627 473 655 sonus
504 615 747 666 carminum,
779 627 885 667 quae
915 614 965 654 ad
996 613 1186 654 Lesbiam
1219 614 1331 654 dedit
1350 619 1489 669 poeta,
1522 628 1646 669 quam
1680 616 1860 659 modeste

264 676 304 714 in
338 685 426 714 eam
460 684 503 712 se
533 673 706 726 gesserit
742 685 772 713 c.
806 671 1000 724 LXVIII,
1031 685 1067 714 V.
1103 674 1204 715 135:

468 729 589 773 „Quae
613 733 728 763 tamen
752 729 818 763 etsi
843 739 910 764 uno
935 739 1000 763 non
1025 731 1078 763 est
1102 731 1262 764 contenta
1286 729 1429 772 Catullo,

470 786 548 811 rara
571 775 790 811 verecundae
815 775 908 809 furta
931 776 1084 810 feremus
1111 786 1201 818 erae,

470 834 512 857 ne
536 823 683 856 nimium
708 822 818 856 simus
842 821 1026 856 stultorum
1050 832 1145 857 more
1170 821 1330 857 molesti“

265 872 314 912 de
345 871 504 924 vulgari
536 870 673 924 puella
704 871 882 923 cogitare
912 870 1127 912 vetaberis.
1165 870 1264 912 Sine
1295 870 1420 912 dubio
1451 871 1530 913 fuit
1550 871 1704 914 femina
1734 873 1862 915 nobili

263 930 351 970 Ioco
395 934 492 981 orta,
540 941 646 982 quae
688 929 774 969 sola
810 928 980 970 libidine
1025 929 1126 970 adeo
1156 929 1305 969 furiata
1350 936 1390 970 et
1435 929 1654 984 depravata
1699 937 1770 985 est,
1818 936 1863 974 ut

262 992 466 1042 postremo
499 988 620 1028 scorti
658 987 846 1028 vilissimi
877 1000 991 1028 more
1027 988 1194 1028 viveret.
1228 1011 1281 1015 ·—
1314 986 1503 1029 sedtum
1537 987 1696 1030 Catullo
1727 990 1867 1032 aditus

262 1047 313 1087 ad
344 1045 530 1086 Lesbiam
573 1058 620 1086 eo
656 1045 924 1099 periculosior
970 1049 1010 1086 et
1055 1045 1260 1086 difficilior
1305 1051 1402 1097 erat,
1449 1047 1559 1100 quod
1606 1052 1734 1101 nupta
1765 1053 1861 1091 erat.

262 1105 406 1145 Fuisse
436 1103 625 1145 Lesbiam
659 1103 874 1144 mulierem
907 1107 1078 1158 nuptam
1110 1109 1228 1157 poeta
1258 1105 1346 1157 ipse
1377 1104 1580 1158 significat
1610 1118 1642 1147 c.
1667 1105 1862 1160 LXVIII,

263 1177 299 1204 v.
331 1163 405 1203 51:
438 1174 557 1214 „nam
590 1162 690 1202 mihi
729 1175 853 1215 quam
892 1162 1049 1203 dederit
1091 1162 1245 1216 duplex
1277 1163 1523 1204 Amathusia
1565 1176 1706 1205 curam
1739 1166 1867 1218 scitis,

265 1226 304 1261 et
335 1222 376 1260 in
411 1233 493 1274 quo
511 1233 577 1260 me
594 1221 794 1260 corruerit
810 1221 984 1273 genere“
1017 1224 1056 1261 et
1071 1221 1191 1274 plane
1208 1220 1424 1262 confirmat
1445 1221 1628 1262 eiusdem
1666 1224 1862 1265 carminis

264 1293 299 1320 v.
336 1280 433 1318 143:
468 1291 567 1330 „nec
597 1283 733 1319 tamen
771 1278 847 1318 illa
878 1279 979 1319 mihi
1017 1279 1162 1320 dextra
1199 1279 1374 1320 deducta
1409 1284 1578 1333 paterna
1612 1280 1863 1334 fragrantem

262 1338 433 1388 Assyrio
470 1338 583 1377 venit
620 1337 742 1377 odore
785 1337 968 1388 domum,
1011 1337 1081 1378 scd
1127 1338 1279 1378 furtiva
1324 1337 1435 1378 dedit
1471 1339 1575 1378 mire
1611 1339 1863 1380 munuscula

262 1400 379 1436 nocte
409 1396 539 1448 ipsius
570 1407 623 1435 ex
652 1396 740 1449 ipso
773 1395 935 1448 dempta
951 1396 1031 1435 viri
1060 1397 1253 1449 gremio.“
1301 1394 1419 1444 Quod
1452 1396 1744 1450 comprobatur
1773 1397 1866 1439 loco

264 1454 528 1507 Propertiano
560 1453 651 1505 (III.
685 1454 751 1494 32.
785 1452 887 1506 87.):
926 1454 1048 1505 „haec
1080 1466 1247 1508 quoque
1284 1453 1427 1495 lascivi
1465 1458 1684 1498 cantarunt
1714 1457 1865 1510 scripta

263 1511 423 1563 Catulli,
453 1511 600 1552 Lesbia
631 1512 724 1564 quis
755 1512 843 1565 ipsa
873 1513 1008 1552 notior
1039 1518 1100 1553 est
1121 1512 1315 1553 Helena.“
1348 1536 1401 1542 —
1434 1511 1621 1553 Dubium
1641 1515 1752 1554 enim
1775 1526 1869 1556 esse

265 1574 392 1623 potest
424 1583 525 1610 num
557 1569 798 1623 Propertius
828 1569 1016 1610 Lesbiam
1050 1583 1146 1611 cum
1177 1570 1338 1611 Helena
1376 1576 1690 1624 comparaturus
1725 1572 1860 1625 fuerit,

265 1629 343 1668 nisi
374 1627 443 1668 illa
474 1633 513 1668 et
544 1633 671 1681 nupta
717 1632 757 1669 et
788 1628 915 1669 nobili
961 1628 1050 1669 loco
1091 1634 1179 1669 orta
1223 1629 1380 1670 fuisset.
1442 1629 1681 1670 Praeterera
1726 1634 1865 1671 autem

265 1687 429 1726 initium
462 1687 657 1727 carminis
696 1687 847 1739 quinti:
898 1687 1135 1740 ‚,Vivamus,
1182 1700 1273 1728 mea
1302 1686 1462 1735 Lesbia,
1506 1692 1631 1741 atque
1667 1701 1869 1741 amemus,

264 1756 534 1797 rumoresque
565 1757 710 1785 senum
744 1746 998 1786 severiorum
1031 1758 1174 1786 omnes
1206 1747 1332 1786 unius
1369 1747 1636 1787 aestimemus
1666 1747 1792 1788 assis“
1811 1772 1864 1777 —

263 1802 416 1842 indicat
445 1802 634 1843 illicitum
651 1802 779 1844 fuisse
798 1803 917 1844 illum
935 1816 1127 1844 amorem.
1175 1802 1293 1852 Quod
1315 1816 1479 1844 carmen
1497 1804 1618 1857 plane
1636 1804 1866 1858 neglexisse

265 1861 364 1900 mihi
399 1861 591 1901 videntur
622 1862 659 1901 ei
691 1863 762 1914 qui
794 1866 940 1915 putent
969 1861 1160 1902 Lesbiam
1191 1858 1320 1902 fuisse
1350 1861 1585 1902 libertinam
1617 1863 1705 1903 sive
1735 1875 1869 1904 mere-

265 1918 457 1959 triculam
531 1919 734 1960 Carminis
765 1921 898 1960 octavi
929 1924 1066 1960 autem
1100 1919 1306 1961 versibus:

472 1995 539 2018 „--
566 1974 651 2017 Quis
676 1986 766 2010 nunc
791 1979 825 2010 te
850 1976 984 2010 adibit?
1012 1975 1076 2011 Cui
1102 1976 1276 2011 videberis
1299 1975 1413 2012 bella?

471 2032 573 2065 quem
599 2033 689 2057 nnnc
713 2022 876 2057 amabis?
902 2022 1008 2057 Cuius
1032 2033 1108 2057 esse
1133 2022 1284 2058 diceris?

266 2082 317 2110 ne
348 2070 518 2110 minime
562 2070 729 2123 quidem
776 2070 937 2124 probari
986 2074 1118 2124 potest
1147 2070 1336 2112 Lesbiam
1384 2076 1553 2125 nuptam
1602 2084 1685 2111 non
1728 2071 1866 2114 fuisse.

265 2128 394 2168 Cuius
425 2129 632 2180 maritum,
664 2141 786 2182 quem
820 2142 844 2169 a
867 2128 1011 2170 Lesbia
1043 2142 1125 2170 non
1158 2129 1273 2183 diligi
1303 2141 1377 2182 pro
1409 2133 1519 2170 certo
1549 2129 1734 2183 habebat,
1765 2129 1870 2170 adeo

266 2186 436 2238 despicit
479 2192 518 2227 et
561 2185 787 2228 contemnit
823 2186 1022 2239 Catullus,
1061 2192 1107 2228 ut
1150 2200 1225 2241 pro
1272 2187 1400 2228 nihilo
1446 2199 1540 2228 cum
1574 2187 1720 2228 habeat
1758 2191 1799 2228 et
1834 2200 1867 2228 c.

267 2243 507 2286 LXXXIII.
552 2245 715 2285 mulum
761 2245 1009 2299 fatuumque
1047 2250 1175 2286 vocet.
1240 2245 1441 2286 Perverse
1482 2243 1685 2299 Riesius¹)
1728 2246 1866 2286 virum

268 2301 434 2342 Lesbiae
471 2315 502 2344 e.
535 2302 726 2344 LXVIII.
758 2316 795 2343 V.
833 2304 926 2345 146.
978 2308 1346 2345 commemoratum
1386 2316 1469 2344 non
1513 2305 1733 2358 coniugem
1777 2304 1867 2345 eius

266 2360 336 2401 sed
369 2362 633 2414 nescioquem
665 2362 844 2415 priorem
877 2365 1103 2403 amatorem
1141 2374 1230 2403 esse
1267 2362 1476 2403 iudivacit.
1538 2361 1672 2411 Quam
1704 2370 1869 2404 senten-

265 2420 363 2458 tiam
395 2418 577 2472 aliasque
609 2432 712 2473 quas
742 2419 911 2473 protulit
942 2433 1074 2474 nugas
1106 2421 1204 2461 satis
1234 2421 1467 2461 reiecerunt
1489 2420 1534 2461 B.
1565 2419 1868 2475 Schmidtius,2)

267 2479 315 2517 A.
348 2475 674 2530 Baehrensius,3)
706 2477 925 2531 Ellisius.⁴)

406 2535 574 2574 Occasio
620 2535 789 2576 Lesbiae
842 2536 1149 2577 conveniendae
1193 2536 1323 2578 defuit
1367 2535 1540 2588 Catullo,
1586 2535 1686 2576 dum
1729 2536 1869 2578 Allius

266 2591 421 2631 auxilio
453 2593 489 2632 ei
521 2594 633 2633 venit
663 2598 703 2633 et
733 2594 903 2634 domum
934 2595 972 2635 ei
1002 2595 1175 2648 aperuit,
1211 2595 1252 2635 in
1287 2607 1369 2648 qua
1405 2606 1501 2635 cum
1532 2595 1687 2635 amasia
1716 2594 1868 2635 amoris

266 2649 545 2703 voluptatibus
576 2650 793 2693 frueretur.
855 2650 1019 2700 Quibus
1049 2652 1148 2692 Allii
1186 2652 1332 2698 officiis
1369 2656 1417 2692 ut
1453 2653 1629 2693 summis
1675 2651 1870 2694 laudibus

268 2707 428 2748 efferret
458 2709 637 2748 amicum
670 2714 902 2750 commotus
925 2714 996 2751 est.
1044 2709 1291 2750 Suavissimi
1322 2710 1520 2763 temporis
1552 2711 1593 2750 in
1613 2710 1714 2751 Allii
1744 2710 1868 2752 domo

270 2766 421 2818 peracti
453 2778 572 2819 saepe
603 2765 789 2807 Catullus
820 2768 1059 2809 recordatus
1097 2771 1159 2809 est
1189 2769 1327 2808 animo
1364 2767 1523 2808 lubenti
1553 2772 1763 2822 gratoque.
1822 2766 1867 2810 Si

265 2823 315 2863 de
358 2823 484 2876 vulgo
516 2823 661 2864 Lesbia
702 2824 848 2866 fuisset
893 2825 998 2877 lena,
1044 2829 1162 2879 poeta
1207 2825 1365 2866 Allium
1398 2830 1457 2867 tot
1492 2826 1683 2868 versibus
1728 2826 1869 2881 magni

268 2882 472 2944 ficisssnon
479 2942 482 2943 γ
503 2881 755 2946 celebrasset.

390 2941 570 3003 *Radani
598 2961 713 3005 philol.
746 2965 788 2996 A.
814 2962 883 2997 CV.
922 2973 998 3007 pag.
1031 2966 1098 2999 753
1162 2963 1188 3006 ²)
1221 2962 1242 2997 1.
1276 2974 1305 2998 c.
1338 2974 1413 3008 pag.
1439 2964 1519 3000 VII.
1570 2965 1596 3009 ⁸)
1626 2963 1715 3000 anal.
1747 2962 1869 3000 Catull-

266 3017 342 3051 pag.
368 3012 389 3042 3
414 3018 464 3051 sq.
513 3008 541 3051 ⁴)
567 3018 588 3043 a
611 3013 846 3051 commentary
874 3020 929 3053 pp.
955 3019 1032 3054 pag.
1059 3008 1158 3044 LXII
1182 3012 1216 3044 et
1240 3009 1369 3045 LXIII.
