1976 3294
761 198 809 202 -,
877 145 1047 212 ’53-

94 312 142 355 cf.
161 312 235 355 Ov.
255 314 408 355 remed.
427 328 504 355 am.
524 316 626 356 306:
664 318 804 356 noctes
837 328 941 370 quas
974 315 1077 356 mihi
1110 329 1193 356 non
1227 315 1296 356 dat
1312 315 1470 357 habetf⁴
1502 315 1723 356 Praeterea

94 376 231 414 autem
266 374 408 427 „ian1“,
448 375 558 428 quod
592 376 800 429 proposui,
839 376 1094 416 contrarium
1114 379 1176 416 est
1210 375 1271 416 illi
1304 375 1567 430 „principio“,
1598 377 1655 429 ut,
1687 375 1723 416 si

94 444 147 473 ex
179 438 273 474 mea
316 434 522 475 sententia
565 435 869 476 mutaverimus
912 435 1027 475 hunc
1057 447 1240 489 versum,
1285 447 1370 476 non
1415 435 1551 476 solum
1594 433 1724 476 verba

94 492 178 533 sint
215 494 434 547 contraria,
479 493 551 535 sed
598 495 725 535 etiam
762 494 960 536 adverbia
996 494 1080 536 illis
1112 495 1346 546 coniuncta,
1394 493 1645 549 „principio“
1683 498 1724 535 et

93 551 236 605 „iam“.
283 552 352 594 Sic
382 554 564 608 percipio
595 554 709 595 hunc
739 567 927 596 versum:
960 558 1000 595 et
1033 555 1104 609 qui
1135 555 1217 595 iam
1252 554 1373 596 nobis
1404 554 1548 608 aufert,
1596 567 1723 609 quam

93 612 298 666 principio
331 612 454 654 dedit.
518 612 680 663 Quibus
711 614 837 655 rebus
868 614 1142 656 consideratis
1180 627 1263 655 non
1305 615 1390 655 iam
1429 614 1572 655 dubito
1610 614 1723 655 hunc

92 671 231 713 locum
254 673 314 713 sic
330 676 528 715 statuere:

307 743 383 798 „Et
415 746 487 799 qui
518 746 723 800 principio
756 745 877 787 nobis
907 747 993 786 iam
1025 759 1153 800 quam
1177 745 1290 787 dedit
1321 745 1464 800 aufert,

306 817 331 844 a
362 817 445 859 quo
476 808 575 846 sunt
604 806 740 860 primo
772 807 829 846 mi
862 806 1003 846 omnia
1034 809 1131 846 nata
1161 805 1305 852 bona‘2,

96 875 208 930 quod
252 879 408 918 vertas:
460 875 593 930 „Heil
654 877 761 918 auch
823 877 927 918 dem'
978 877 1184 931 Freunde,
1246 877 1321 918 der
1374 877 1488 931 jetzt,
1551 876 1618 917 die
1679 889 1725 917 er

95 936 204 976 einst
263 936 346 976 mir
405 936 605 991 gegeben,
667 937 749 977 mir
810 936 969 990 raubet,
1030 937 1085 978 ist
1145 949 1190 978 er
1245 938 1290 990 ja
1351 937 1457 978 doch
1496 936 1567 977 fiir
1612 936 1725 977 mich

96 995 170 1036 der
231 994 407 1049 Urquell
483 996 551 1036 all'
637 997 798 1038 meiner
866 996 1096 1038 Freudenf‘
1200 996 1456 1052 (Verborum
1533 996 1724 1037 ordinem

94 1055 293 1096 nimirum
359 1056 459 1096 satis
521 1068 612 1097 esse
673 1056 828 1096 durum
882 1069 966 1097 non
1013 1055 1191 1111 ignoro.)
1261 1080 1315 1085 —
1384 1069 1423 1098 v,
1488 1057 1571 1097 158
1633 1057 1725 1097 sine

94 1113 221 1155 dubio
253 1127 421 1156 causam
439 1115 567 1169 affert,
599 1115 650 1156 de
682 1129 765 1170 qua
781 1119 900 1171 poeta
922 1115 1054 1170 illum,
1088 1129 1345 1170 qnamquam
1378 1115 1512 1157 aufert
1534 1119 1724 1169 amatam,

94 1174 257 1216 felicem
294 1187 385 1216 esse
422 1174 580 1216 iubeat:
618 1175 669 1216 ab
706 1175 778 1216 illo
814 1177 951 1231 primo
996 1177 1137 1216 omnia
1174 1175 1295 1216 nobis
1332 1175 1444 1216 bona
1479 1179 1578 1217 nata
1614 1179 1725 1225 sunt,

94 1235 118 1276 i.
135 1246 168 1275 e.
200 1235 236 1275 is
269 1247 346 1276 nos
378 1234 476 1276 olim
510 1236 554 1276 in
572 1233 745 1276 Lesbiae
777 1235 950 1276 domum
967 1236 1101 1289 duxit,
1132 1236 1169 1276 is
1186 1235 1307 1276 nobis
1324 1236 1381 1276 ita
1413 1235 1526 1277 dedit
1541 1235 1723 1290 puellam

95 1297 287 1335 amatam.
348 1293 457 1335 Nam
504 1298 635 1349 poeta,
683 1307 780 1335 cum
828 1308 936 1350 quae
981 1296 1027 1336 in
1058 1308 1185 1336 versu
1231 1298 1489 1350 pentametro
1526 1295 1727 1350 leguntur

9 1373 30 1410 '.
95 1353 223 1395 verba
253 1353 463 1408 scriberet,
502 1354 553 1395 de
585 1367 668 1395 una
699 1354 850 1396 Lesbia
881 1356 1088 1410 cogitavit.
1150 1355 1342 1396 Fortasse
1375 1354 1563 1397 Catullus
1600 1355 1725 1396 etiam

95 1416 183 1454 tum
224 1426 390 1454 summa
420 1413 707 1469 ,familiaritate
745 1427 841 1455 cum
879 1415 950 1455 illo
994 1412 1128 1456 amico
1167 1415 1418 1462 coniunctns
1460 1415 1529 1455 hic
1572 1414 1725 1456 blande

97 1473 356 1527 comiterque
387 1476 531 1515 monet
577 1477 617 1515 et
642 1477 738 1515 orat
781 1486 890 1528 eum,
937 1487 991 1516 ne
1037 1475 1209 1515 omnino
1256 1475 1451 1529 amicum,
1500 1475 1572 1529 qui
1619 1475 1725 1516 raris

94 1533 219 1574 furtis
251 1532 470 1586 indulgere
501 1538 670 1587 paratus
703 1534 767 1587 sit,
800 1533 919 1575 orbet
948 1534 1088 1588 puella
1117 1538 1232 1575 tanto
1265 1534 1414 1575 ardore
1445 1537 1581 1575 amata
1618 1547 1725 1575 neve

94 1593 172 1633 hac
218 1605 263 1634 re
307 1593 533 1634 amicitiam
580 1593 720 1634 diluat.
800 1592 1066 1648 Quamquam
1112 1593 1183 1635 ille
1230 1595 1390 1635 amicus
1436 1607 1637 1649 magnum
1686 1597 1726 1635 et

95 1651 291 1693 acerbum
314 1651 318 1654 ’
339 1652 523 1694 dolorem
574 1656 819 1707 commovet,
866 1657 1004 1695 tamen
1053 1654 1186 1708 magis
1233 1653 1357 1695 habet
1401 1652 1600 1707 Catullus,
1650 1667 1726 1694 cur

94 1713 282 1767 priorum
315 1711 613 1753 beneficiorum
654 1712 733 1754 sibi
771 1712 822 1764 ab
859 1713 932 1754 illo
971 1713 1164 1754 datorum
1202 1713 1454 1767 recordetur,
1492 1714 1725 1768 principem

70 1772 192 1813 'eum
224 1772 360 1813 omnis
390 1771 599 1814 felicitatis
630 1776 843 1814 auc-torem
873 1772 1015 1827 fuisse,
1048 1786 1174 1827 quam
1207 1785 1283 1813 cur
1314 1773 1611 1815 excandescat:
1652 1774 1724 1828 qui

96 1832 130 1873 si
163 1844 250 1872 non>
284 1831 442 1885 fuisset,
478 1827 544 1876 ,ne
576 1831 715 1873 Allius
749 1832 919 1886 quidem
957 1832 1007 1877 de
1046 1831 1207 1874 Catullo
1253 1834 1310 1874 ita
1349 1836 1395 1874 ut
1439 1833 1537 1874 fecit
1574 1834 1724 1874 mereri

93 1891 238 1946 potuit.
292 1890 456 1932 Nomen
490 1892 612 1932 amici
645 1896 728 1933 non
762 1893 972 1933 nominari
1005 1904 1057 1933 ne
1088 1893 1302 1946 miremur,
1335 1906 1433 1933 nam
1466 1905 1520 1934 ne
1550 1892 1726 1934 Lesbiae

96 1950 266 2005 quidem
303 1963 457 1992 nomen
505 1964 687 2005 usquam
730 1951 883 2006 legitur
927 1952 1006 1993 hoc
1053 1953 1248 2004 carmine.
1310 1951 1403 1993 Hac
1449 1952 1627 2007 epistula
1673 1952 1725 1993 ad

96 2010 256 2051 Allium
273 2010 410 2051 solum
427 2010 522 2052 data
539 2024 614 2053 nec
640 2011 844 2052 lectorum
866 2012 1196 2066 postgenitorum
1214 2011 1445 2054 intellectui
1467 2013 1725 2054 inserviente

98 2069 288 2111 Catullus
334 2083 534 2125 personas
581 2071 801 2112 hominum
854 2072 993 2112 amico
1041 2072 1359 2112 notissimorum
1416 2071 1639 2113 adumbrat
1685 2075 1725 2113 et

97 2130 283 2184 quaesita
316 2130 496 2184 quadam
528 2130 780 2172 obscuritate
812 2143 914 2172 usus
937 2131 1108 2172 nomina
1141 2143 1224 2172 non
1258 2135 1341 2172 tam
1375 2132 1566 2173 enuntiat
1598 2145 1720 2186 quam

93 2189 242 2231 leviter
274 2189 492 2244 significat.
