1976 3294
725 177 894 217 ..43
960 201 1014 206 --

50 315 272 368 καίδόμος
284 315 502 369 ἡμιτελής·
520 313 594 357 τὸν
608 313 799 357 δ’ἔκτανε
816 315 1053 368 Δάρδανος
1083 313 1192 369 ἁνήρ
1209 315 1312 369 νῆος
1333 313 1689 369 ἀποθρώσκοντα

50 369 161 412 πολύ
191 370 434 425 πρώτιστον
460 369 670 422 Ἀχαιῶν.
763 371 915 414 Omnia
974 372 1062 414 fere
1117 385 1226 426 quae
1277 372 1452 426 protulit
1497 370 1688 412 Catullus

53 435 236 488 (praeter
265 432 439 481 Parcas)
471 435 742 474 continentur
764 433 830 474 his
847 432 1042 473 versibus
1066 431 1254 473 Homeri.
1286 431 1341 472 Et.
1371 431 1478 471 illud
1511 431 1687 484 „domus

47 493 206 534 frustra
251 492 440 547 incepta“
486 493 599 534 idem
654 491 875 546 significat,
928 491 1042 546 quod
1088 491 1264 532 Homeri
1311 485 1521 542 ἡμιτελὴς
1549 486 1687 538 δόμος

49 553 181 606 (quod
219 565 303 593 non
351 551 496 593 dubito
545 553 648 606 quin
694 553 751 592 ita
797 551 924 592 latine
970 552 1142 592 verterit
1173 550 1393 603 Catullus).
1427 576 1482 580 —
1515 550 1688 592 Constat

48 617 211 666 poetam
250 616 380 653 totam
417 611 532 652 illam
565 612 916 666 comparationem
966 611 1044 651 hac
1091 610 1142 651 de
1189 622 1316 651 causa
1360 611 1594 662 instituere,
1640 613 1688 650 ut

47 671 284 726 profundus
315 670 490 712 Lesbiae
521 684 639 711 amor
671 684 798 725 quam
816 671 1002 711 maxime
1032 669 1270 711 illustretur
1295 673 1423 724 atque
1440 669 1687 711 celebretur.

48 730 185 772 Simul
217 735 356 772 autem
390 731 525 771 conici
555 735 690 784 potest
720 730 932 771 Catullum
967 734 1127 770 amatae
1157 730 1405 771 imitandam
1440 730 1561 784 quasi
1591 741 1687 783 pro-

47 802 201 844 ponere
218 789 499 842 Laodamiam,
531 803 639 844 quae
669 789 752 830 fide
783 793 1022 830 constanter
1039 794 1203 830 servata
1232 789 1367 842 gloria
1397 788 1546 830 floreat
1576 789 1687 829 inter

45 849 208 903 puellas
240 849 396 891 Graias.
429 874 485 880 ——

167 908 370 963 Superato
386 909 536 949 itinere
558 921 632 962 per
654 908 809 949 multas
833 907 1113 962 digressiones
1143 906 1336 949 flexuoso
1365 907 1533 949 tandem
1566 910 1690 961 poeta

51 981 87 1010 v.
115 968 198 1009 130
221 968 273 1008 ad
295 968 400 1009 illud
420 969 586 1008 initium
612 969 934 1022 comparationis
955 974 995 1008 et
1017 967 1069 1008 ad
1093 966 1289 1008 Lesbiam
1311 980 1433 1008 suam
1450 968 1687 1008 revertitur.

164 1039 202 1069 V.
235 1027 327 1069 133.
391 1026 550 1080 „Quam
585 1026 965 1068 circumcursans“:
999 1027 1108 1081 apud
1141 1026 1243 1069 Hor.
1276 1027 1339 1067 od.
1362 1026 1491 1068 1234
1524 1025 1693 1080 Cupido

46 1086 256 1128 Venerem
289 1087 594 1128 circumvolare
632 1087 804 1127 dicitur:
869 1099 1021 1140 „quam
1057 1085 1190 1127 Jocus
1237 1086 1513 1127 circumvolat
1558 1092 1687 1139 atque

46 1146 243 1200 Cupido“.
305 1147 417 1187 Vere
449 1147 591 1198 „divae‘
638 1146 693 1201 (v,
729 1145 802 1197 70)
847 1147 907 1187 sic
938 1146 1180 1200 depingitur
1210 1145 1373 1198 Lesbia,
1417 1159 1543 1200 quam
1577 1146 1687 1186 sicut

44 1205 255 1246 Venerem
302 1206 448 1247 sedulo
495 1207 801 1246 circumcursat
825 1205 1019 1259 'Cupido
1070 1230 1125 1235 ——
1173 1205 1465 1246 Adnotantum
1510 1205 1578 1245 hic
1624 1209 1688 1246 est

44 1266 251 1319 imagines
281 1265 537 1306 feminarum
567 1265 839 1319 pulchrarum
873 1264 1245 1319 amabiliumquea
1266 1264 1498 1319 pictoribus
1516 1276 1694 1319 quoque*

44 1325 103 1365 ita
134 1331 225 1365 tum
256 1326 388 1379 pictas
420 1337 523 1376 esse,
554 1330 601 1365 ut
632 1337 796 1366 amores
828 1324 926 1365 alati
957 1337 1028 1365 eos
1045 1325 1408 1378 circumvolarent,
1442 1325 1554 1378 quod
1572 1324 1683 1364 haud

46 1385 131 1425 scio
163 1397 217 1424 an
250 1384 518 1425 obversatum
551 1385 605 1425 sit
637 1383 799 1425 Catullo
831 1384 933 1425 haec
965 1384 1175 1425 scribenti.

163 1455 201 1485 v.
233 1443 326 1486 134.
389 1443 440 1484 In
487 1444 663 1484 modum
709 1443 948 1496 Hymenaei
993 1442 1131 1498 (Ovid.
1179 1442 1275 1484 Met.
1323 1442 1377 1484 X.
1429 1441 1471 1497 1)
1519 1444 1687 1484 crocina

46 1503 400 1557 (uyo'mvogmve
431 1515 588 1555 crocea,
618 1504 643 1545 i.
677 1515 710 1543 e.
740 1504 864 1554 flava,
895 1516 1034 1555 aurea,
1065 1504 1209 1543 tunica
1239 1502 1439 1544 inductus
1471 1502 1687 1556 effingitur

43 1576 153 1617 puer
206 1563 398 1604 Veneris.
475 1562 658 1617 Sappho
698 1562 774 1616 (fg.
823 1564 891 1616 64,
945 1562 1007 1603 ed.
1055 1562 1288 1616 Bergkius)
1342 1575 1440 1603 eum
1493 1563 1687 1616 producit

46 1625 298 1679 πορφυριάν
327 1623 486 1678 ἔχοντα
514 1625 703 1676 χλάμυν,
734 1617 1037 1676 Aristophanes
1068 1623 1208 1662 aureis
1240 1621 1316 1662 alis
1338 1622 1577 1676 praeditum
1594 1634 1686 1663 esse

47 1683 147 1723 dicit
177 1686 255 1723 AV.
291 1683 393 1724 697:
431 1684 620 1735 στίλβων
648 1685 786 1726 νῶτον
816 1689 1050 1737 πτερυγοῖν
1078 1689 1283 1736 χρυσοῖν.
1316 1706 1363 1710 -·
1405 1681 1479 1733 „In
1517 1682 1684 1722 tunica“

46 1742 115 1795 (ad
148 1742 313 1782 dicendi
344 1755 472 1783 usum
506 1742 552 1783 cf.
587 1742 710 1796 Prop.
742 1741 816 1783 ΠΙ.
852 1743 977 1782 29.26;
1011 1743 1193 1792 „ostrina
1225 1754 1324 1782 cum
1340 1741 1420 1781 fuit
1436 1742 1480 1781 in
1497 1741 1683 1791 tunica“;

50 1800 127 1843 Ov.
160 1814 194 1842 a.
227 1815 261 1843 a.
294 1801 347 1842 ΙΙ.
380 1802 496 1853 297.)
556 1814 677 1855 saepe
716 1802 957 1856 depingitur
1004 1800 1188 1855 Cupid03
1232 1801 1377 1841 videas
1416 1799 1461 1842 O.
1495 1799 1685 1854 Mueller,

45 1860 307 1901 Denkmaler
338 1861 410 1902 der
443 1860 595 1913 Kunst,
626 1861 679 1902 Π.
712 1874 803 1915 pag.
838 1862 921 1901 647
957 1863 1030 1902 etc.
1065 1886 1119 1889 ——

165 1931 201 1962 V.
235 1919 333 1962 135.
394 1920 635 1961 Falsissime
682 1921 796 1961 hunc
851 1921 993 1961 locum
1046 1920 1311 1974 interpretari
1362 1919 1464 1960 mihi
1521 1919 1687 1960 videtur

46 1978 341 2033 KiesslingiuS,
374 1981 448 2034 qui
478 1983 597 2034 putet
627 1984 792 2033 poetam
825 1980 982 2020 hortari
1025 1979 1134 2020 velle
1166 1980 1363 2032 amicum,
1412 1979 1486 2032 qui
1524 1984 1565 2019 et
1594 1980 1684 2033 ipse

45 2039 194 2080 habeat
223 2038 424 2093 perfidam
456 2040 672 2087 amasiam,
705 2043 753 2079 ut
783 2051 917 2093 aequo
950 2040 1090 2079 animo
1121 2038 1233 2079 furta
1264 2039 1356 2079 eius
1386 2037 1502 2079 ferat.
1565 2036 1692 2079 Certe·

45 2098 114 2138 hic
145 2097 320 2139 Lesbiae
349 2098 454 2139 fides
486 2100 762 2152 vituperatur,
794 2103 934 2139 tamen
953 2098 1055 2139 adeo
1072 2103 1191 2152 poeta
1209 2102 1270 2138 est
1303 2098 1501 2152 deceptus
1522 2098 1688 2152 puellae

44 2161 265 2199 venustate
296 2163 337 2198 et
368 2159 585 2208 suavitate,
616 2162 663 2198 ut
695 2159 786 2198 eius
818 2157 986 2210 „furtis“
1019 2157 1235 2211 indulgeat
1275 2158 1499 2211 variasque
1536 2170 1686 2198 causas

46 2217 214 2270 colligat
245 2217 487 2259 excusandi.
548 2216 765 2258 Nimirum
811 2230 965 2271 magna
1010 2216 1103 2258 laus
1150 2221 1239 2257 erat
1283 2217 1451 2257 feminis
1482 2215 1685 2257 Romanis

46 2289 132 2317 uno
164 2280 403 2317 contentam
435 2289 526 2318 esse
559 2277 718 2327 marito,
767 2277 878 2330 quod
923 2276 1105 2329 legimus
1135 2277 1179 2316 in
1214 2275 1303 2318 Val.
1349 2275 1460 2317 Max.
1501 2276 1554 2317 Π.
1604 2279 1683 2317 1.3;

46 2347 155 2389 quae
185 2348 272 2376 uno
315 2342 533 2377 contentae
579 2337 845 2376 matrimonio
882 2335 1067 2387 fuerunt,
1098 2348 1251 2376 corona
1293 2335 1518 2389 pudicitiae
1556 2335 1687 2376 hono-

44 2394 257 2435 rabantur.
304 2394 353 2436 cf.
399 2395 488 2436 Ter.
535 2394 644 2435 Eun.
682 2395 712 2437 Ι,
762 2401 857 2436 2442:
927 2407 1090 2449 „neque
1136 2400 1182 2435 tu
1220 2408 1307 2435 uno
1339 2407 1432 2436 eras
1478 2398 1687 2447 contenta,

45 2453 228 2506 Phryne,
266 2466 405 2508 neque
443 2454 558 2495 solus
596 2454 750 2501 dedit;“
789 2454 891 2496 Hor.
936 2454 1063 2508 Epod.
1106 2456 1230 2505 14.15;
1271 2454 1405 2495 Plaut.
1444 2453 1570 2495 Merc.
1608 2454 1682 2495 IV.

46 2514 122 2554 6.ae
155 2526 278 2566 „nam
304 2526 415 2554 uxor
446 2516 640 2554 contenta
671 2518 743 2566 est,
777 2526 885 2567 quae
902 2513 1011 2554 bona
1028 2516 1102 2565 est,
1135 2526 1219 2554 uno
1237 2514 1364 2554 virof‘
1397 2537 1451 2542 —
1486 2513 1682 2555 Ceterum

49 2573 128 2613 hoc
159 2572 263 2613 mihi
295 2573 433 2614 iocose
465 2586 488 2613 a
520 2571 683 2612 Catullo
715 2573 882 2613 videtur
913 2573 1072 2613 dictum
1104 2585 1204 2614 esse.
1236 2572 1325 2614 Nec
1357 2573 1500 2614 minus
1530 2586 1569 2616 v,
1599 2574 1689 2614 136-

45 2631 359 2684 „verecundus“
390 2632 550 2673 ironice
582 2630 772 2672 Catullus
804 2632 940 2673 dicere
973 2632 1076 2672 mihi
1107 2632 1286 2674 videtur.
1338 2657 1391 2662 —w

164 2702 202 2732 v.
234 2690 326 2734 137.
387 2690 546 2732 Romae
563 2694 652 2731 tum
678 2691 868 2732 moribus
884 2692 1213 2745 corruptissimis
1239 2691 1402 2744 „stulti“
1420 2691 1684 2733 habebantur

45 2750 96 2802 ei,
128 2750 202 2804 qui
233 2750 285 2791 de
314 2751 804 2805 virtutepraecipientes
835 2755 876 2791 et
907 2763 1102 2792 censores
1133 2763 1177 2792 se
1210 2756 1380 2803 agentes
1414 2752 1531 2792 oneri
1564 2756 1683 2793 erant

46 2809 252 2863 plurimis.
285 2809 599 2862 (Baehrensius,
632 2810 729 2863 „qui
761 2823 996 2864 numquam
1036 2811 1099 2851 vel
1119 2810 1244 2851 fando
1269 2811 1335 2852 vel
1366 2811 1542 2865 legendo
1566 2811 1686 2851 audi-

46 2869 154 2908 verit
184 2868 334 2909 stultos
365 2869 557 2910 homines
589 2868 702 2909 hunc
739 2869 892 2910 habere
930 2882 1092 2911 morem
1129 2869 1297 2911 feminis
1335 2883 1426 2912 esse
1458 2870 1680 2911 molestos“

43 2939 120 2981 pro
151 2927 423 2981 „stultorum“
456 2927 600 2970 scribit
623 2929 896 2980 „tutorum“!)
1712 2939 1715 2943 ’

165 2985 352 3027 Eandem
386 2988 647 3039 sententiam,
681 3000 807 3041 quam
841 2987 1031 3029 Catullus
1063 2989 1131 3029 hic
1161 2988 1330 3043 profert,
1360 2989 1605 3030 invenimus
1636 2989 1681 3029 in

48 3044 124 3087 Ov.
156 3058 235 3087 am.
250 3045 326 3088 III.
358 3047 456 3089 442:
491 3047 549 3100 „si
567 3047 677 3100 sapis
694 3047 867 3101 indulge
884 3048 1079 3089 dominae
1099 3048 1324 3102 voltusque
1341 3061 1510 3089 severos
1527 3049 1681 3098 exue“;

48 3103 124 3148 Ov.
155 3117 234 3147 am.
267 3104 321 3147 ΙΙ.
354 3106 429 3147 2.7;
465 3118 565 3159 „cur
596 3117 680 3146 non
712 3102 834 3147 liceat
866 3108 1082 3161 quaerenti
1114 3107 1275 3148 reddita
1306 3120 1433 3148 causa
1464 3111 1537 3161 est,
1570 3107 1686 3161 quod
