<?xml version="1.0" encoding="UTF-8"?>
<!DOCTYPE html PUBLIC "-//W3C//DTD XHTML 1.0 Transitional//EN"
    "http://www.w3.org/TR/xhtml1/DTD/xhtml1-transitional.dtd">
<html xmlns="http://www.w3.org/1999/xhtml" xml:lang="en" lang="en">
 <head>
  <title>
</title>
<meta http-equiv="Content-Type" content="text/html;charset=utf-8" />
  <meta name='ocr-system' content='tesseract 3.04.00' />
  <meta name='ocr-capabilities' content='ocr_page ocr_carea ocr_par ocr_line ocrx_word'/>
</head>
<body>
  <div class='ocr_page' id='page_1' title='image "./quaestionescatul00fennuoft_0024.png"; bbox 0 0 1976 3294; ppageno 0'>
   <div class='ocr_carea' id='block_1_1' title="bbox 965 159 1249 199">
    <p class='ocr_par' dir='ltr' id='par_1_1' title="bbox 965 159 1249 199">
     <span class='ocr_line' id='line_1_1' title="bbox 965 159 1249 199; baseline -0.011 1"><span class='ocrx_word' id='word_1_1' title='bbox 965 159 1249 199; x_wconf 79' lang='lat'>—20—</span> 
     </span>
    </p>
   </div>
   <div class='ocr_carea' id='block_1_2' title="bbox 283 295 1976 2674">
    <p class='ocr_par' dir='ltr' id='par_1_2' title="bbox 283 295 1976 2674">
     <span class='ocr_line' id='line_1_2' title="bbox 315 295 1976 364; baseline -0.004 -22"><span class='ocrx_word' id='word_1_2' title='bbox 315 303 397 343; x_wconf 86' lang='lat' dir='ltr'>Att.</span> <span class='ocrx_word' id='word_1_3' title='bbox 451 301 481 340; x_wconf 90' lang='lat' dir='ltr'>l</span> <span class='ocrx_word' id='word_1_4' title='bbox 528 298 670 351; x_wconf 81' lang='lat'>18.=:¹)</span> <span class='ocrx_word' id='word_1_5' title='bbox 723 299 911 364; x_wconf 80' lang='lat' dir='ltr'>queritur</span> <span class='ocrx_word' id='word_1_6' title='bbox 956 298 1098 339; x_wconf 89' lang='lat' dir='ltr'>Cicero</span> <span class='ocrx_word' id='word_1_7' title='bbox 1149 297 1332 338; x_wconf 86' lang='lat' dir='ltr'>maxime</span> <span class='ocrx_word' id='word_1_8' title='bbox 1380 295 1459 336; x_wconf 87' lang='lat' dir='ltr'>sibi</span> <span class='ocrx_word' id='word_1_9' title='bbox 1509 295 1651 337; x_wconf 85' lang='lat' dir='ltr'>deesse</span> <span class='ocrx_word' id='word_1_10' title='bbox 1699 295 1917 336; x_wconf 82' lang='lat' dir='ltr'>hominem·</span> <span class='ocrx_word' id='word_1_11' title='bbox 1972 311 1976 316; x_wconf 94' lang='lat'>·</span> 
     </span>
     <span class='ocr_line' id='line_1_3' title="bbox 315 351 1976 422; baseline -0.004 -22"><span class='ocrx_word' id='word_1_12' title='bbox 315 373 409 401; x_wconf 83' lang='lat' dir='ltr'>eum</span> <span class='ocrx_word' id='word_1_13' title='bbox 450 370 629 411; x_wconf 84' lang='lat' dir='ltr'>quocum</span> <span class='ocrx_word' id='word_1_14' title='bbox 668 356 817 422; x_wconf 83' lang='lat' dir='ltr'>onmia,</span> <span class='ocrx_word' id='word_1_15' title='bbox 855 368 961 409; x_wconf 87' lang='lat' dir='ltr'>quae</span> <span class='ocrx_word' id='word_1_16' title='bbox 997 368 1042 396; x_wconf 90' lang='lat' dir='ltr'>se</span> <span class='ocrx_word' id='word_1_17' title='bbox 1085 368 1185 396; x_wconf 87' lang='lat' dir='ltr'>cura</span> <span class='ocrx_word' id='word_1_18' title='bbox 1220 354 1359 408; x_wconf 85' lang='lat' dir='ltr'>aliqua</span> <span class='ocrx_word' id='word_1_19' title='bbox 1395 353 1586 406; x_wconf 76' lang='lat' dir='ltr'>afficiant,</span> <span class='ocrx_word' id='word_1_20' title='bbox 1621 354 1917 406; x_wconf 88' lang='lat' dir='ltr'>communicet</span> <span class='ocrx_word' id='word_1_21' title='bbox 1972 351 1976 358; x_wconf 65' lang='lat'><em>⁴</em></span> 
     </span>
     <span class='ocr_line' id='line_1_4' title="bbox 317 385 1923 470; baseline -0.003 -13"><span class='ocrx_word' id='word_1_22' title='bbox 317 419 386 470; x_wconf 81' lang='lat' dir='ltr'>qui</span> <span class='ocrx_word' id='word_1_23' title='bbox 419 429 461 457; x_wconf 85' lang='lat' dir='ltr'>se</span> <span class='ocrx_word' id='word_1_24' title='bbox 479 419 598 466; x_wconf 83' lang='lat' dir='ltr'>amet,</span> <span class='ocrx_word' id='word_1_25' title='bbox 630 415 701 467; x_wconf 89' lang='lat' dir='ltr'>qui</span> <span class='ocrx_word' id='word_1_26' title='bbox 723 415 861 467; x_wconf 87' lang='lat' dir='ltr'>sapiat,</span> <span class='ocrx_word' id='word_1_27' title='bbox 894 414 1063 466; x_wconf 89' lang='lat' dir='ltr'>quicum</span> <span class='ocrx_word' id='word_1_28' title='bbox 1086 414 1172 467; x_wconf 87' lang='lat' dir='ltr'>ipse</span> <span class='ocrx_word' id='word_1_29' title='bbox 1203 425 1409 453; x_wconf 79' lang='lat' dir='ltr'>exanimo</span> <span class='ocrx_word' id='word_1_30' title='bbox 1426 411 1630 465; x_wconf 86' lang='lat' dir='ltr'>loquatur,</span> <span class='ocrx_word' id='word_1_31' title='bbox 1661 385 1923 464; x_wconf 54' lang='lat' dir='ltr'>„Metellus“⁷r</span> 
     </span>
     <span class='ocr_line' id='line_1_5' title="bbox 315 469 1705 527; baseline -0.004 -12"><span class='ocrx_word' id='word_1_32' title='bbox 315 475 463 527; x_wconf 87' lang='lat' dir='ltr'>inquit,</span> <span class='ocrx_word' id='word_1_33' title='bbox 494 485 600 525; x_wconf 87' lang='lat' dir='ltr'>„non</span> <span class='ocrx_word' id='word_1_34' title='bbox 633 473 766 523; x_wconf 87' lang='lat' dir='ltr'>homo,</span> <span class='ocrx_word' id='word_1_35' title='bbox 796 472 867 512; x_wconf 91' lang='lat' dir='ltr'>sed</span> <span class='ocrx_word' id='word_1_36' title='bbox 898 471 997 512; x_wconf 91' lang='lat' dir='ltr'>litus</span> <span class='ocrx_word' id='word_1_37' title='bbox 1027 475 1151 524; x_wconf 86' lang='lat' dir='ltr'>atque</span> <span class='ocrx_word' id='word_1_38' title='bbox 1181 483 1251 511; x_wconf 87' lang='lat' dir='ltr'>aer</span> <span class='ocrx_word' id='word_1_39' title='bbox 1281 475 1321 511; x_wconf 90' lang='lat' dir='ltr'>et</span> <span class='ocrx_word' id='word_1_40' title='bbox 1350 470 1527 511; x_wconf 90' lang='lat' dir='ltr'>solitudo</span> <span class='ocrx_word' id='word_1_41' title='bbox 1558 482 1681 510; x_wconf 84' lang='lat' dir='ltr'>mera</span> <span class='ocrx_word' id='word_1_42' title='bbox 1682 469 1705 492; x_wconf 88' lang='lat'>“</span> 
     </span>
     <span class='ocr_line' id='line_1_6' title="bbox 455 526 1914 595; baseline -0.003 -24"><span class='ocrx_word' id='word_1_43' title='bbox 455 530 645 579; x_wconf 86' lang='lat' dir='ltr'>Quantus</span> <span class='ocrx_word' id='word_1_44' title='bbox 689 530 813 570; x_wconf 89' lang='lat' dir='ltr'>fuerit</span> <span class='ocrx_word' id='word_1_45' title='bbox 848 542 1049 570; x_wconf 88' lang='lat' dir='ltr'>numerus</span> <span class='ocrx_word' id='word_1_46' title='bbox 1085 541 1229 570; x_wconf 90' lang='lat' dir='ltr'>eorum</span> <span class='ocrx_word' id='word_1_47' title='bbox 1262 541 1367 595; x_wconf 82' lang='lat' dir='ltr'>quos</span> <span class='ocrx_word' id='word_1_48' title='bbox 1404 527 1545 569; x_wconf 90' lang='lat' dir='ltr'>Clodia</span> <span class='ocrx_word' id='word_1_49' title='bbox 1581 528 1734 568; x_wconf 86' lang='lat' dir='ltr'>amavit</span> <span class='ocrx_word' id='word_1_50' title='bbox 1769 526 1914 568; x_wconf 88' lang='lat' dir='ltr'>Cicero</span> 
     </span>
     <span class='ocr_line' id='line_1_7' title="bbox 316 585 1917 644; baseline -0.004 -12"><span class='ocrx_word' id='word_1_51' title='bbox 316 601 369 644; x_wconf 61' lang='lat' dir='ltr'>(p.</span> <span class='ocrx_word' id='word_1_52' title='bbox 401 590 443 631; x_wconf 90' lang='lat' dir='ltr'>C.</span> <span class='ocrx_word' id='word_1_53' title='bbox 479 591 541 630; x_wconf 86' lang='lat'>13</span> <span class='ocrx_word' id='word_1_54' title='bbox 544 588 597 640; x_wconf 81' lang='lat'>32)</span> <span class='ocrx_word' id='word_1_55' title='bbox 630 588 693 628; x_wconf 90' lang='lat' dir='ltr'>his</span> <span class='ocrx_word' id='word_1_56' title='bbox 723 587 862 628; x_wconf 77' lang='lat' dir='ltr'>verbis</span> <span class='ocrx_word' id='word_1_57' title='bbox 892 587 1060 628; x_wconf 83' lang='lat' dir='ltr'>indicat:</span> <span class='ocrx_word' id='word_1_58' title='bbox 1101 599 1260 640; x_wconf 90' lang='lat' dir='ltr'>„neque</span> <span class='ocrx_word' id='word_1_59' title='bbox 1296 587 1407 627; x_wconf 90' lang='lat' dir='ltr'>enim</span> <span class='ocrx_word' id='word_1_60' title='bbox 1444 585 1667 627; x_wconf 82' lang='lat' dir='ltr'>muliebres</span> <span class='ocrx_word' id='word_1_61' title='bbox 1709 598 1917 639; x_wconf 84' lang='lat' dir='ltr'>umquam</span> 
     </span>
     <span class='ocr_line' id='line_1_8' title="bbox 316 645 1915 699; baseline -0.003 -11"><span class='ocrx_word' id='word_1_62' title='bbox 316 648 550 688; x_wconf 86' lang='lat' dir='ltr'>inimicitias</span> <span class='ocrx_word' id='word_1_63' title='bbox 580 646 680 686; x_wconf 87' lang='lat' dir='ltr'>mihi</span> <span class='ocrx_word' id='word_1_64' title='bbox 712 645 912 699; x_wconf 86' lang='lat' dir='ltr'>gerendas</span> <span class='ocrx_word' id='word_1_65' title='bbox 942 645 1095 699; x_wconf 88' lang='lat' dir='ltr'>putavi,</span> <span class='ocrx_word' id='word_1_66' title='bbox 1133 646 1374 698; x_wconf 87' lang='lat' dir='ltr'>praesertim</span> <span class='ocrx_word' id='word_1_67' title='bbox 1405 657 1501 685; x_wconf 90' lang='lat' dir='ltr'>cum</span> <span class='ocrx_word' id='word_1_68' title='bbox 1533 657 1580 685; x_wconf 89' lang='lat' dir='ltr'>ea</span> <span class='ocrx_word' id='word_1_69' title='bbox 1611 656 1738 697; x_wconf 87' lang='lat' dir='ltr'>quam</span> <span class='ocrx_word' id='word_1_70' title='bbox 1768 655 1915 684; x_wconf 89' lang='lat' dir='ltr'>omnes</span> 
     </span>
     <span class='ocr_line' id='line_1_9' title="bbox 315 702 1917 759; baseline -0.004 -12"><span class='ocrx_word' id='word_1_71' title='bbox 315 718 475 759; x_wconf 87' lang='lat' dir='ltr'>semper</span> <span class='ocrx_word' id='word_1_72' title='bbox 520 705 716 756; x_wconf 81' lang='lat' dir='ltr'>„amicam</span> <span class='ocrx_word' id='word_1_73' title='bbox 767 705 977 743; x_wconf 83' lang='lat' dir='ltr'>omnium“</span> <span class='ocrx_word' id='word_1_74' title='bbox 1030 704 1168 756; x_wconf 89' lang='lat' dir='ltr'>potius</span> <span class='ocrx_word' id='word_1_75' title='bbox 1221 716 1346 756; x_wconf 89' lang='lat' dir='ltr'>quam</span> <span class='ocrx_word' id='word_1_76' title='bbox 1398 703 1648 755; x_wconf 85' lang='lat' dir='ltr'>cuiusquam</span> <span class='ocrx_word' id='word_1_77' title='bbox 1699 702 1917 742; x_wconf 81' lang='lat' dir='ltr'>inimicam</span> 
     </span>
     <span class='ocr_line' id='line_1_10' title="bbox 317 759 1914 818; baseline -0.003 -14"><span class='ocrx_word' id='word_1_78' title='bbox 317 764 601 818; x_wconf 77' lang='lat' dir='ltr'>putaverunt.“</span> <span class='ocrx_word' id='word_1_79' title='bbox 639 785 693 791; x_wconf 93' lang='lat'>—</span> <span class='ocrx_word' id='word_1_80' title='bbox 731 761 903 802; x_wconf 89' lang='lat' dir='ltr'>Illorum</span> <span class='ocrx_word' id='word_1_81' title='bbox 935 773 985 802; x_wconf 86' lang='lat' dir='ltr'>ex</span> <span class='ocrx_word' id='word_1_82' title='bbox 1018 774 1192 802; x_wconf 89' lang='lat' dir='ltr'>numero</span> <span class='ocrx_word' id='word_1_83' title='bbox 1230 761 1279 802; x_wconf 90' lang='lat' dir='ltr'>de</span> <span class='ocrx_word' id='word_1_84' title='bbox 1316 760 1480 802; x_wconf 91' lang='lat' dir='ltr'>duobus</span> <span class='ocrx_word' id='word_1_85' title='bbox 1516 760 1639 814; x_wconf 92' lang='lat' dir='ltr'>paulo</span> <span class='ocrx_word' id='word_1_86' title='bbox 1678 759 1914 800; x_wconf 82' lang='lat' dir='ltr'>accuratius</span> 
     </span>
     <span class='ocr_line' id='line_1_11' title="bbox 318 818 1918 873; baseline -0.003 -11"><span class='ocrx_word' id='word_1_87' title='bbox 318 822 452 862; x_wconf 88' lang='lat' dir='ltr'>dicere</span> <span class='ocrx_word' id='word_1_88' title='bbox 483 821 611 861; x_wconf 86' lang='lat' dir='ltr'>liceat.</span> <span class='ocrx_word' id='word_1_89' title='bbox 658 819 778 859; x_wconf 89' lang='lat' dir='ltr'>Prior</span> <span class='ocrx_word' id='word_1_90' title='bbox 789 818 966 860; x_wconf 89' lang='lat' dir='ltr'>Publius</span> <span class='ocrx_word' id='word_1_91' title='bbox 996 819 1122 860; x_wconf 90' lang='lat' dir='ltr'>frater</span> <span class='ocrx_word' id='word_1_92' title='bbox 1150 831 1375 873; x_wconf 88' lang='lat' dir='ltr'>germanus</span> <span class='ocrx_word' id='word_1_93' title='bbox 1392 823 1463 871; x_wconf 89' lang='lat' dir='ltr'>est,</span> <span class='ocrx_word' id='word_1_94' title='bbox 1495 831 1678 872; x_wconf 90' lang='lat' dir='ltr'>quocum</span> <span class='ocrx_word' id='word_1_95' title='bbox 1707 819 1918 858; x_wconf 88' lang='lat' dir='ltr'>incestum</span> 
     </span>
     <span class='ocr_line' id='line_1_12' title="bbox 317 876 1913 931; baseline -0.003 -11"><span class='ocrx_word' id='word_1_96' title='bbox 317 893 406 920; x_wconf 87' lang='lat' dir='ltr'>eam</span> <span class='ocrx_word' id='word_1_97' title='bbox 436 879 580 919; x_wconf 90' lang='lat' dir='ltr'>fecisse</span> <span class='ocrx_word' id='word_1_98' title='bbox 611 878 720 919; x_wconf 88' lang='lat' dir='ltr'>hior.</span> <span class='ocrx_word' id='word_1_99' title='bbox 738 876 831 917; x_wconf 87' lang='lat' dir='ltr'>Cael</span> <span class='ocrx_word' id='word_1_100' title='bbox 874 877 953 918; x_wconf 94' lang='lat' dir='ltr'>loci</span> <span class='ocrx_word' id='word_1_101' title='bbox 983 877 1166 918; x_wconf 89' lang='lat' dir='ltr'>indicant</span> <span class='ocrx_word' id='word_1_102' title='bbox 1189 879 1334 918; x_wconf 77' lang='lat'>:13.32:</span> <span class='ocrx_word' id='word_1_103' title='bbox 1368 877 1502 931; x_wconf 90' lang='lat' dir='ltr'>„quod</span> <span class='ocrx_word' id='word_1_104' title='bbox 1536 877 1704 930; x_wconf 91' lang='lat' dir='ltr'>quidem</span> <span class='ocrx_word' id='word_1_105' title='bbox 1733 876 1913 916; x_wconf 88' lang='lat' dir='ltr'>facerem</span> 
     </span>
     <span class='ocr_line' id='line_1_13' title="bbox 319 933 1920 988; baseline -0.001 -13"><span class='ocrx_word' id='word_1_106' title='bbox 319 938 614 988; x_wconf 82' lang='lat' dir='ltr'>vehementius,</span> <span class='ocrx_word' id='word_1_107' title='bbox 646 936 725 975; x_wconf 88' lang='lat' dir='ltr'>nisi</span> <span class='ocrx_word' id='word_1_108' title='bbox 740 935 1040 976; x_wconf 90' lang='lat' dir='ltr'>intercederent</span> <span class='ocrx_word' id='word_1_109' title='bbox 1069 936 1170 975; x_wconf 86' lang='lat' dir='ltr'>mihi</span> <span class='ocrx_word' id='word_1_110' title='bbox 1187 936 1426 976; x_wconf 82' lang='lat' dir='ltr'>inimicitiae</span> <span class='ocrx_word' id='word_1_111' title='bbox 1456 948 1553 976; x_wconf 88' lang='lat' dir='ltr'>cum</span> <span class='ocrx_word' id='word_1_112' title='bbox 1582 935 1704 975; x_wconf 91' lang='lat' dir='ltr'>istius</span> <span class='ocrx_word' id='word_1_113' title='bbox 1725 933 1920 980; x_wconf 80' lang='lat' dir='ltr'>mulieris</span> 
     </span>
     <span class='ocr_line' id='line_1_14' title="bbox 316 991 1919 1047; baseline -0.002 -12"><span class='ocrx_word' id='word_1_114' title='bbox 316 997 416 1046; x_wconf 78' lang='lat' dir='ltr'>viro,</span> <span class='ocrx_word' id='word_1_115' title='bbox 460 995 584 1034; x_wconf 76' lang='lat' dir='ltr'>fratre</span> <span class='ocrx_word' id='word_1_116' title='bbox 629 994 742 1033; x_wconf 83' lang='lat' dir='ltr'>volui</span> <span class='ocrx_word' id='word_1_117' title='bbox 787 993 934 1043; x_wconf 83' lang='lat' dir='ltr'>dicere,</span> <span class='ocrx_word' id='word_1_118' title='bbox 979 1006 1140 1047; x_wconf 87' lang='lat' dir='ltr'>semper</span> <span class='ocrx_word' id='word_1_119' title='bbox 1185 994 1252 1033; x_wconf 90' lang='lat' dir='ltr'>hic</span> <span class='ocrx_word' id='word_1_120' title='bbox 1294 993 1430 1044; x_wconf 86' lang='lat' dir='ltr'>erro“;</span> <span class='ocrx_word' id='word_1_121' title='bbox 1478 994 1603 1034; x_wconf 71' lang='lat'><strong>32⁷8:</strong></span> <span class='ocrx_word' id='word_1_122' title='bbox 1651 1002 1727 1046; x_wconf 89' lang='lat' dir='ltr'>„ne</span> <span class='ocrx_word' id='word_1_123' title='bbox 1769 991 1919 1032; x_wconf 83' lang='lat' dir='ltr'>eadem</span> 
     </span>
     <span class='ocr_line' id='line_1_15' title="bbox 283 1051 1917 1106; baseline -0.002 -13"><span class='ocrx_word' id='word_1_124' title='bbox 283 1099 291 1106; x_wconf 20' lang='grc' dir='ltr'><strong>ἡ</strong></span> <span class='ocrx_word' id='word_1_125' title='bbox 316 1053 465 1094; x_wconf 88' lang='lat' dir='ltr'>mulier</span> <span class='ocrx_word' id='word_1_126' title='bbox 494 1064 590 1092; x_wconf 87' lang='lat' dir='ltr'>cnm</span> <span class='ocrx_word' id='word_1_127' title='bbox 621 1064 696 1092; x_wconf 93' lang='lat' dir='ltr'>suo</span> <span class='ocrx_word' id='word_1_128' title='bbox 727 1053 902 1104; x_wconf 89' lang='lat' dir='ltr'>coniuge</span> <span class='ocrx_word' id='word_1_129' title='bbox 932 1055 971 1092; x_wconf 90' lang='lat' dir='ltr'>et</span> <span class='ocrx_word' id='word_1_130' title='bbox 1000 1051 1124 1092; x_wconf 87' lang='lat' dir='ltr'>fratre</span> <span class='ocrx_word' id='word_1_131' title='bbox 1155 1052 1440 1106; x_wconf 88' lang='lat' dir='ltr'>turpissimum</span> <span class='ocrx_word' id='word_1_132' title='bbox 1476 1051 1676 1092; x_wconf 90' lang='lat' dir='ltr'>latronem</span> <span class='ocrx_word' id='word_1_133' title='bbox 1713 1051 1917 1104; x_wconf 85' lang='lat' dir='ltr'>eripuisse</span> 
     </span>
     <span class='ocr_line' id='line_1_16' title="bbox 316 1108 1914 1163; baseline -0.003 -11"><span class='ocrx_word' id='word_1_134' title='bbox 316 1118 357 1153; x_wconf 88' lang='lat' dir='ltr'>et</span> <span class='ocrx_word' id='word_1_135' title='bbox 408 1111 745 1151; x_wconf 87' lang='lat' dir='ltr'>honestissimum</span> <span class='ocrx_word' id='word_1_136' title='bbox 795 1110 1100 1150; x_wconf 81' lang='lat' dir='ltr'>adulescentem</span> <span class='ocrx_word' id='word_1_137' title='bbox 1161 1111 1413 1163; x_wconf 85' lang='lat' dir='ltr'>oppressisse</span> <span class='ocrx_word' id='word_1_138' title='bbox 1472 1109 1696 1150; x_wconf 83' lang='lat' dir='ltr'>videatur.“</span> <span class='ocrx_word' id='word_1_139' title='bbox 1763 1108 1810 1149; x_wconf 80' lang='lat' dir='ltr'>ct.</span> <span class='ocrx_word' id='word_1_140' title='bbox 1863 1109 1914 1148; x_wconf 91' lang='lat' dir='ltr'>de</span> 
     </span>
     <span class='ocr_line' id='line_1_17' title="bbox 318 1166 1918 1221; baseline -0.002 -12"><span class='ocrx_word' id='word_1_141' title='bbox 318 1170 438 1210; x_wconf 91' lang='lat' dir='ltr'>domo</span> <span class='ocrx_word' id='word_1_142' title='bbox 470 1170 593 1209; x_wconf 57' lang='lat'>3432:</span> <span class='ocrx_word' id='word_1_143' title='bbox 641 1180 747 1219; x_wconf 91' lang='lat' dir='ltr'>„non</span> <span class='ocrx_word' id='word_1_144' title='bbox 778 1172 863 1208; x_wconf 87' lang='lat' dir='ltr'>tam</span> <span class='ocrx_word' id='word_1_145' title='bbox 900 1168 1084 1208; x_wconf 87' lang='lat' dir='ltr'>insolens</span> <span class='ocrx_word' id='word_1_146' title='bbox 1115 1180 1209 1209; x_wconf 90' lang='lat' dir='ltr'>sum</span> <span class='ocrx_word' id='word_1_147' title='bbox 1256 1168 1365 1221; x_wconf 88' lang='lat' dir='ltr'>quod</span> <span class='ocrx_word' id='word_1_148' title='bbox 1396 1167 1546 1208; x_wconf 87' lang='lat' dir='ltr'>Jovem</span> <span class='ocrx_word' id='word_1_149' title='bbox 1591 1179 1680 1208; x_wconf 87' lang='lat' dir='ltr'>esse</span> <span class='ocrx_word' id='word_1_150' title='bbox 1724 1179 1792 1207; x_wconf 90' lang='lat' dir='ltr'>me</span> <span class='ocrx_word' id='word_1_151' title='bbox 1823 1166 1918 1206; x_wconf 90' lang='lat' dir='ltr'>dico</span> 
     </span>
     <span class='ocr_line' id='line_1_18' title="bbox 319 1225 1918 1283; baseline -0.003 -15"><span class='ocrx_word' id='word_1_152' title='bbox 319 1240 445 1281; x_wconf 88' lang='lat' dir='ltr'>quam</span> <span class='ocrx_word' id='word_1_153' title='bbox 489 1225 722 1266; x_wconf 90' lang='lat' dir='ltr'>ineruditus</span> <span class='ocrx_word' id='word_1_154' title='bbox 765 1226 875 1283; x_wconf 88' lang='lat' dir='ltr'>quod</span> <span class='ocrx_word' id='word_1_155' title='bbox 914 1225 1145 1267; x_wconf 87' lang='lat' dir='ltr'>Minervam</span> <span class='ocrx_word' id='word_1_156' title='bbox 1191 1239 1372 1267; x_wconf 89' lang='lat' dir='ltr'>sororem</span> <span class='ocrx_word' id='word_1_157' title='bbox 1414 1226 1533 1267; x_wconf 70' lang='lat' dir='ltr'>«Iovis</span> <span class='ocrx_word' id='word_1_158' title='bbox 1578 1237 1667 1266; x_wconf 90' lang='lat' dir='ltr'>esse</span> <span class='ocrx_word' id='word_1_159' title='bbox 1709 1225 1918 1266; x_wconf 83' lang='lat' dir='ltr'>existimo.</span> 
     </span>
     <span class='ocr_line' id='line_1_19' title="bbox 317 1284 1916 1337; baseline -0.003 -11"><span class='ocrx_word' id='word_1_160' title='bbox 317 1285 397 1326; x_wconf 86' lang='lat' dir='ltr'>Sed</span> <span class='ocrx_word' id='word_1_161' title='bbox 427 1291 563 1325; x_wconf 86' lang='lat' dir='ltr'>tamen</span> <span class='ocrx_word' id='word_1_162' title='bbox 597 1296 671 1337; x_wconf 87' lang='lat' dir='ltr'>ego</span> <span class='ocrx_word' id='word_1_163' title='bbox 700 1284 803 1324; x_wconf 91' lang='lat' dir='ltr'>mihi</span> <span class='ocrx_word' id='word_1_164' title='bbox 834 1296 1017 1325; x_wconf 90' lang='lat' dir='ltr'>sororem</span> <span class='ocrx_word' id='word_1_165' title='bbox 1039 1285 1243 1337; x_wconf 81' lang='lat' dir='ltr'>virginem</span> <span class='ocrx_word' id='word_1_166' title='bbox 1275 1284 1478 1325; x_wconf 84' lang='lat' dir='ltr'>adscisco:</span> <span class='ocrx_word' id='word_1_167' title='bbox 1508 1287 1555 1325; x_wconf 87' lang='lat' dir='ltr'>tu</span> <span class='ocrx_word' id='word_1_168' title='bbox 1586 1295 1770 1324; x_wconf 88' lang='lat' dir='ltr'>sororem</span> <span class='ocrx_word' id='word_1_169' title='bbox 1799 1288 1916 1323; x_wconf 90' lang='lat' dir='ltr'>tuam</span> 
     </span>
     <span class='ocr_line' id='line_1_20' title="bbox 319 1341 1914 1396; baseline -0.002 -13"><span class='ocrx_word' id='word_1_170' title='bbox 319 1344 523 1396; x_wconf 82' lang='lat' dir='ltr'>virginem</span> <span class='ocrx_word' id='word_1_171' title='bbox 554 1354 642 1382; x_wconf 89' lang='lat' dir='ltr'>esse</span> <span class='ocrx_word' id='word_1_172' title='bbox 672 1354 755 1382; x_wconf 92' lang='lat' dir='ltr'>non</span> <span class='ocrx_word' id='word_1_173' title='bbox 788 1343 895 1383; x_wconf 88' lang='lat' dir='ltr'>sisti:</span> <span class='ocrx_word' id='word_1_174' title='bbox 934 1343 1005 1383; x_wconf 88' lang='lat' dir='ltr'>sed</span> <span class='ocrx_word' id='word_1_175' title='bbox 1042 1343 1136 1383; x_wconf 88' lang='lat' dir='ltr'>vide</span> <span class='ocrx_word' id='word_1_176' title='bbox 1168 1355 1220 1383; x_wconf 90' lang='lat' dir='ltr'>ne</span> <span class='ocrx_word' id='word_1_177' title='bbox 1250 1346 1295 1383; x_wconf 90' lang='lat' dir='ltr'>tu</span> <span class='ocrx_word' id='word_1_178' title='bbox 1327 1347 1367 1382; x_wconf 90' lang='lat' dir='ltr'>te</span> <span class='ocrx_word' id='word_1_179' title='bbox 1404 1341 1553 1383; x_wconf 88' lang='lat' dir='ltr'>debeas</span> <span class='ocrx_word' id='word_1_180' title='bbox 1588 1341 1738 1382; x_wconf 88' lang='lat' dir='ltr'>Jovem</span> <span class='ocrx_word' id='word_1_181' title='bbox 1778 1341 1914 1381; x_wconf 88' lang='lat' dir='ltr'>dicere</span> 
     </span>
     <span class='ocr_line' id='line_1_21' title="bbox 319 1398 1913 1455; baseline -0.001 -15"><span class='ocrx_word' id='word_1_182' title='bbox 319 1401 429 1455; x_wconf 83' lang='lat' dir='ltr'>quod</span> <span class='ocrx_word' id='word_1_183' title='bbox 473 1405 519 1441; x_wconf 87' lang='lat' dir='ltr'>tu</span> <span class='ocrx_word' id='word_1_184' title='bbox 561 1401 652 1440; x_wconf 90' lang='lat' dir='ltr'>iure</span> <span class='ocrx_word' id='word_1_185' title='bbox 697 1400 870 1441; x_wconf 82' lang='lat' dir='ltr'>eandem</span> <span class='ocrx_word' id='word_1_186' title='bbox 910 1413 1092 1442; x_wconf 89' lang='lat' dir='ltr'>sororem</span> <span class='ocrx_word' id='word_1_187' title='bbox 1135 1404 1176 1441; x_wconf 93' lang='lat' dir='ltr'>et</span> <span class='ocrx_word' id='word_1_188' title='bbox 1205 1413 1381 1441; x_wconf 85' lang='lat' dir='ltr'>uxorem</span> <span class='ocrx_word' id='word_1_189' title='bbox 1412 1399 1616 1454; x_wconf 88' lang='lat' dir='ltr'>appellare</span> <span class='ocrx_word' id='word_1_190' title='bbox 1657 1398 1827 1453; x_wconf 82' lang='lat' dir='ltr'>possis.“</span> <span class='ocrx_word' id='word_1_191' title='bbox 1858 1422 1913 1429; x_wconf 79' lang='grc'>-</span> 
     </span>
     <span class='ocr_line' id='line_1_22' title="bbox 316 1457 1924 1512; baseline -0.002 -12"><span class='ocrx_word' id='word_1_192' title='bbox 316 1460 434 1500; x_wconf 80' lang='lat' dir='ltr'>Alter</span> <span class='ocrx_word' id='word_1_193' title='bbox 466 1458 519 1500; x_wconf 88' lang='lat' dir='ltr'>M.</span> <span class='ocrx_word' id='word_1_194' title='bbox 552 1457 714 1499; x_wconf 87' lang='lat' dir='ltr'>Caelius</span> <span class='ocrx_word' id='word_1_195' title='bbox 729 1457 865 1499; x_wconf 86' lang='lat' dir='ltr'>Rufus</span> <span class='ocrx_word' id='word_1_196' title='bbox 896 1463 1032 1499; x_wconf 88' lang='lat' dir='ltr'>orator</span> <span class='ocrx_word' id='word_1_197' title='bbox 1062 1462 1134 1511; x_wconf 90' lang='lat' dir='ltr'>est,</span> <span class='ocrx_word' id='word_1_198' title='bbox 1165 1458 1324 1511; x_wconf 84' lang='lat' dir='ltr'>hom02)</span> <span class='ocrx_word' id='word_1_199' title='bbox 1348 1459 1526 1499; x_wconf 81' lang='lat' dir='ltr'>candore</span> <span class='ocrx_word' id='word_1_200' title='bbox 1542 1457 1924 1512; x_wconf 79' lang='lat' dir='ltr'>corporisinsignis</span> 
     </span>
     <span class='ocr_line' id='line_1_23' title="bbox 318 1516 1920 1570; baseline -0.002 -12"><span class='ocrx_word' id='word_1_201' title='bbox 318 1523 358 1558; x_wconf 89' lang='lat' dir='ltr'>et</span> <span class='ocrx_word' id='word_1_202' title='bbox 373 1517 528 1570; x_wconf 87' lang='lat' dir='ltr'>ingenii</span> <span class='ocrx_word' id='word_1_203' title='bbox 540 1516 744 1567; x_wconf 84' lang='lat' dir='ltr'>facultate,</span> <span class='ocrx_word' id='word_1_204' title='bbox 776 1517 885 1570; x_wconf 92' lang='lat' dir='ltr'>quod</span> <span class='ocrx_word' id='word_1_205' title='bbox 903 1518 1027 1557; x_wconf 89' lang='lat' dir='ltr'>etiam</span> <span class='ocrx_word' id='word_1_206' title='bbox 1044 1529 1158 1557; x_wconf 89' lang='lat' dir='ltr'>nunc</span> <span class='ocrx_word' id='word_1_207' title='bbox 1174 1521 1358 1558; x_wconf 87' lang='lat' dir='ltr'>servatae</span> <span class='ocrx_word' id='word_1_208' title='bbox 1375 1517 1465 1557; x_wconf 90' lang='lat' dir='ltr'>eius</span> <span class='ocrx_word' id='word_1_209' title='bbox 1485 1516 1684 1570; x_wconf 89' lang='lat' dir='ltr'>epistulae</span> <span class='ocrx_word' id='word_1_210' title='bbox 1700 1519 1920 1556; x_wconf 71' lang='lat' dir='ltr'>testantur.</span> 
     </span>
     <span class='ocr_line' id='line_1_24' title="bbox 318 1573 1925 1628; baseline -0.002 -12"><span class='ocrx_word' id='word_1_211' title='bbox 318 1575 450 1624; x_wconf 85' lang='lat' dir='ltr'>Quem</span> <span class='ocrx_word' id='word_1_212' title='bbox 481 1575 532 1614; x_wconf 87' lang='lat' dir='ltr'>ad</span> <span class='ocrx_word' id='word_1_213' title='bbox 562 1587 652 1614; x_wconf 89' lang='lat' dir='ltr'>eam</span> <span class='ocrx_word' id='word_1_214' title='bbox 696 1574 909 1615; x_wconf 89' lang='lat' dir='ltr'>libidinem</span> <span class='ocrx_word' id='word_1_215' title='bbox 951 1587 1216 1628; x_wconf 86' lang='lat' dir='ltr'>progressum</span> <span class='ocrx_word' id='word_1_216' title='bbox 1261 1587 1350 1616; x_wconf 91' lang='lat' dir='ltr'>esse</span> <span class='ocrx_word' id='word_1_217' title='bbox 1389 1578 1559 1627; x_wconf 88' lang='lat' dir='ltr'>constat,</span> <span class='ocrx_word' id='word_1_218' title='bbox 1603 1577 1652 1615; x_wconf 93' lang='lat' dir='ltr'>ut</span> <span class='ocrx_word' id='word_1_219' title='bbox 1694 1574 1737 1614; x_wconf 89' lang='lat' dir='ltr'>in</span> <span class='ocrx_word' id='word_1_220' title='bbox 1783 1573 1925 1627; x_wconf 86' lang='lat' dir='ltr'>ipsius-</span> 
     </span>
     <span class='ocr_line' id='line_1_25' title="bbox 317 1631 1923 1687; baseline -0.001 -13"><span class='ocrx_word' id='word_1_221' title='bbox 317 1633 480 1674; x_wconf 90' lang='lat' dir='ltr'>Clodiae</span> <span class='ocrx_word' id='word_1_222' title='bbox 525 1633 645 1673; x_wconf 89' lang='lat' dir='ltr'>aedes</span> <span class='ocrx_word' id='word_1_223' title='bbox 691 1632 896 1674; x_wconf 87' lang='lat' dir='ltr'>Palatinas</span> <span class='ocrx_word' id='word_1_224' title='bbox 942 1633 1171 1674; x_wconf 87' lang='lat' dir='ltr'>habitatum</span> <span class='ocrx_word' id='word_1_225' title='bbox 1216 1631 1520 1687; x_wconf 57' lang='lat' dir='ltr'>immigraretfl)</span> <span class='ocrx_word' id='word_1_226' title='bbox 1593 1631 1684 1681; x_wconf 84' lang='lat' dir='ltr'>Quo</span> <span class='ocrx_word' id='word_1_227' title='bbox 1730 1635 1923 1686; x_wconf 81' lang='lat' dir='ltr'>tempore</span> 
     </span>
     <span class='ocr_line' id='line_1_26' title="bbox 318 1689 1914 1744; baseline -0.001 -12"><span class='ocrx_word' id='word_1_228' title='bbox 318 1691 442 1732; x_wconf 89' lang='lat' dir='ltr'>Caelii</span> <span class='ocrx_word' id='word_1_229' title='bbox 473 1703 588 1731; x_wconf 90' lang='lat' dir='ltr'>amor</span> <span class='ocrx_word' id='word_1_230' title='bbox 624 1689 787 1732; x_wconf 86' lang='lat' dir='ltr'>Clodiae</span> <span class='ocrx_word' id='word_1_231' title='bbox 830 1692 1030 1732; x_wconf 79' lang='lat' dir='ltr'>exarserit</span> <span class='ocrx_word' id='word_1_232' title='bbox 1074 1693 1172 1732; x_wconf 86' lang='lat' dir='ltr'>satis</span> <span class='ocrx_word' id='word_1_233' title='bbox 1218 1691 1322 1732; x_wconf 89' lang='lat' dir='ltr'>bene</span> <span class='ocrx_word' id='word_1_234' title='bbox 1358 1690 1637 1743; x_wconf 84' lang='lat' dir='ltr'>Schwabius⁸)</span> <span class='ocrx_word' id='word_1_235' title='bbox 1683 1690 1914 1744; x_wconf 85' lang='lat' dir='ltr'>explicavit.</span> 
     </span>
     <span class='ocr_line' id='line_1_27' title="bbox 318 1749 1919 1803; baseline -0.001 -13"><span class='ocrx_word' id='word_1_236' title='bbox 318 1749 398 1798; x_wconf 84' lang='lat' dir='ltr'>Qui</span> <span class='ocrx_word' id='word_1_237' title='bbox 429 1762 524 1789; x_wconf 88' lang='lat' dir='ltr'>cum</span> <span class='ocrx_word' id='word_1_238' title='bbox 556 1749 833 1802; x_wconf 83' lang='lat' dir='ltr'>repudiaverit</span> <span class='ocrx_word' id='word_1_239' title='bbox 873 1749 1109 1790; x_wconf 89' lang='lat' dir='ltr'>Drumanni</span> <span class='ocrx_word' id='word_1_240' title='bbox 1152 1754 1192 1790; x_wconf 89' lang='lat' dir='ltr'>et</span> <span class='ocrx_word' id='word_1_241' title='bbox 1234 1749 1556 1803; x_wconf 85' lang='lat' dir='ltr'>Jungclausseni</span> <span class='ocrx_word' id='word_1_242' title='bbox 1601 1749 1817 1802; x_wconf 86' lang='lat' dir='ltr'>opiniones</span> <span class='ocrx_word' id='word_1_243' title='bbox 1862 1759 1919 1788; x_wconf 79' lang='lat' dir='ltr'>ex</span> 
     </span>
     <span class='ocr_line' id='line_1_28' title="bbox 318 1806 1918 1861; baseline -0.001 -13"><span class='ocrx_word' id='word_1_244' title='bbox 318 1807 526 1848; x_wconf 88' lang='lat' dir='ltr'>Ciceronis</span> <span class='ocrx_word' id='word_1_245' title='bbox 546 1808 728 1847; x_wconf 89' lang='lat' dir='ltr'>oratione</span> <span class='ocrx_word' id='word_1_246' title='bbox 757 1820 832 1861; x_wconf 92' lang='lat' dir='ltr'>pro</span> <span class='ocrx_word' id='word_1_247' title='bbox 849 1807 1022 1861; x_wconf 80' lang='lat' dir='ltr'>Caeli05)</span> <span class='ocrx_word' id='word_1_248' title='bbox 1054 1807 1192 1848; x_wconf 87' lang='lat' dir='ltr'>habita</span> <span class='ocrx_word' id='word_1_249' title='bbox 1221 1808 1359 1848; x_wconf 92' lang='lat' dir='ltr'>locum</span> <span class='ocrx_word' id='word_1_250' title='bbox 1376 1807 1541 1848; x_wconf 88' lang='lat' dir='ltr'>adhibet</span> <span class='ocrx_word' id='word_1_251' title='bbox 1561 1807 1612 1847; x_wconf 90' lang='lat' dir='ltr'>ad</span> <span class='ocrx_word' id='word_1_252' title='bbox 1634 1806 1918 1847; x_wconf 86' lang='lat' dir='ltr'>definiendum</span> 
     </span>
     <span class='ocr_line' id='line_1_29' title="bbox 318 1863 1926 1918; baseline -0.001 -13"><span class='ocrx_word' id='word_1_253' title='bbox 318 1866 419 1906; x_wconf 92' lang='lat' dir='ltr'>illud</span> <span class='ocrx_word' id='word_1_254' title='bbox 450 1870 622 1918; x_wconf 89' lang='lat' dir='ltr'>tempus.</span> <span class='ocrx_word' id='word_1_255' title='bbox 677 1864 768 1914; x_wconf 86' lang='lat' dir='ltr'>Quo</span> <span class='ocrx_word' id='word_1_256' title='bbox 800 1878 852 1906; x_wconf 88' lang='lat' dir='ltr'>ex</span> <span class='ocrx_word' id='word_1_257' title='bbox 882 1866 970 1906; x_wconf 91' lang='lat' dir='ltr'>loco</span> <span class='ocrx_word' id='word_1_258' title='bbox 1002 1879 1097 1906; x_wconf 89' lang='lat' dir='ltr'>cum</span> <span class='ocrx_word' id='word_1_259' title='bbox 1130 1866 1356 1906; x_wconf 87' lang='lat' dir='ltr'>clarissime</span> <span class='ocrx_word' id='word_1_260' title='bbox 1387 1865 1546 1906; x_wconf 88' lang='lat' dir='ltr'>eluceat</span> <span class='ocrx_word' id='word_1_261' title='bbox 1576 1865 1763 1906; x_wconf 89' lang='lat' dir='ltr'>Caelium</span> <span class='ocrx_word' id='word_1_262' title='bbox 1792 1863 1926 1918; x_wconf 89' lang='lat' dir='ltr'>paulo</span> 
     </span>
     <span class='ocr_line' id='line_1_30' title="bbox 325 1922 1928 1977; baseline -0.001 -13"><span class='ocrx_word' id='word_1_263' title='bbox 325 1929 540 1977; x_wconf 83' lang='lat' dir='ltr'>postquam</span> <span class='ocrx_word' id='word_1_264' title='bbox 573 1924 689 1963; x_wconf 90' lang='lat' dir='ltr'>initio</span> <span class='ocrx_word' id='word_1_265' title='bbox 721 1925 819 1963; x_wconf 89' lang='lat' dir='ltr'>anni</span> <span class='ocrx_word' id='word_1_266' title='bbox 851 1925 1012 1974; x_wconf 78' lang='lat' dir='ltr'>695s59</span> <span class='ocrx_word' id='word_1_267' title='bbox 1052 1925 1282 1964; x_wconf 91' lang='lat' dir='ltr'>Antonium</span> <span class='ocrx_word' id='word_1_268' title='bbox 1315 1925 1524 1964; x_wconf 87' lang='lat' dir='ltr'>accusavit</span> <span class='ocrx_word' id='word_1_269' title='bbox 1565 1922 1749 1963; x_wconf 86' lang='lat' dir='ltr'>Clodiam</span> <span class='ocrx_word' id='word_1_270' title='bbox 1781 1934 1928 1962; x_wconf 82' lang='lat' dir='ltr'>amare</span> 
     </span>
     <span class='ocr_line' id='line_1_31' title="bbox 317 1981 1914 2048; baseline 0 -27"><span class='ocrx_word' id='word_1_271' title='bbox 317 1983 497 2035; x_wconf 86' lang='lat' dir='ltr'>‹oepisse</span> <span class='ocrx_word' id='word_1_272' title='bbox 527 1985 578 2033; x_wconf 88' lang='lat' dir='ltr'>et,</span> <span class='ocrx_word' id='word_1_273' title='bbox 615 1994 709 2022; x_wconf 90' lang='lat' dir='ltr'>cum</span> <span class='ocrx_word' id='word_1_274' title='bbox 741 1981 784 2023; x_wconf 88' lang='lat' dir='ltr'>L.</span> <span class='ocrx_word' id='word_1_275' title='bbox 811 1981 1100 2048; x_wconf 81' lang='lat' dir='ltr'>Sempronium</span> <span class='ocrx_word' id='word_1_276' title='bbox 1132 1983 1371 2023; x_wconf 89' lang='lat' dir='ltr'>Atratinum</span> <span class='ocrx_word' id='word_1_277' title='bbox 1403 1985 1582 2022; x_wconf 87' lang='lat' dir='ltr'>exeunte</span> <span class='ocrx_word' id='word_1_278' title='bbox 1612 1993 1720 2021; x_wconf 90' lang='lat' dir='ltr'>anno</span> <span class='ocrx_word' id='word_1_279' title='bbox 1753 1981 1914 2031; x_wconf 75' lang='lat' dir='ltr'>697s57</span> 
     </span>
     <span class='ocr_line' id='line_1_32' title="bbox 319 2038 1924 2107; baseline -0.001 -28"><span class='ocrx_word' id='word_1_280' title='bbox 319 2044 542 2091; x_wconf 83' lang='lat' dir='ltr'>accusaret,</span> <span class='ocrx_word' id='word_1_281' title='bbox 584 2038 635 2079; x_wconf 89' lang='lat' dir='ltr'>ab</span> <span class='ocrx_word' id='word_1_282' title='bbox 666 2052 713 2080; x_wconf 86' lang='lat' dir='ltr'>ea</span> <span class='ocrx_word' id='word_1_283' title='bbox 743 2041 824 2080; x_wconf 89' lang='lat' dir='ltr'>iam</span> <span class='ocrx_word' id='word_1_284' title='bbox 863 2052 906 2080; x_wconf 93' lang='lat' dir='ltr'>se</span> <span class='ocrx_word' id='word_1_285' title='bbox 942 2041 1157 2107; x_wconf 79' lang='lat' dir='ltr'>recepisse,</span> <span class='ocrx_word' id='word_1_286' title='bbox 1200 2041 1426 2094; x_wconf 86' lang='lat' dir='ltr'>quominus</span> <span class='ocrx_word' id='word_1_287' title='bbox 1472 2044 1703 2081; x_wconf 86' lang='lat' dir='ltr'>statuamus</span> <span class='ocrx_word' id='word_1_288' title='bbox 1733 2050 1924 2079; x_wconf 85' lang='lat' dir='ltr'>amorem</span> 
     </span>
     <span class='ocr_line' id='line_1_33' title="bbox 318 2072 1926 2152; baseline -0.001 -14"><span class='ocrx_word' id='word_1_289' title='bbox 318 2098 434 2138; x_wconf 89' lang='lat' dir='ltr'>illum</span> <span class='ocrx_word' id='word_1_290' title='bbox 466 2072 667 2147; x_wconf 79' lang='lat' dir='ltr'>a6&#39;96s58</span> <span class='ocrx_word' id='word_1_291' title='bbox 700 2099 881 2139; x_wconf 82' lang='lat' dir='ltr'>maxime</span> <span class='ocrx_word' id='word_1_292' title='bbox 902 2099 1051 2139; x_wconf 86' lang='lat' dir='ltr'>arsisse</span> <span class='ocrx_word' id='word_1_293' title='bbox 1064 2099 1165 2139; x_wconf 86' lang='lat' dir='ltr'>nihil</span> <span class='ocrx_word' id='word_1_294' title='bbox 1183 2099 1354 2152; x_wconf 90' lang='lat' dir='ltr'>impedit</span> <span class='ocrx_word' id='word_1_295' title='bbox 1374 2111 1460 2138; x_wconf 90' lang='lat' dir='ltr'>nos.</span> <span class='ocrx_word' id='word_1_296' title='bbox 1491 2097 1585 2138; x_wconf 85' lang='lat' dir='ltr'>Jam</span> <span class='ocrx_word' id='word_1_297' title='bbox 1609 2098 1717 2138; x_wconf 90' lang='lat' dir='ltr'>inter</span> <span class='ocrx_word' id='word_1_298' title='bbox 1732 2096 1926 2138; x_wconf 84' lang='lat' dir='ltr'>aemulos¹</span> 
     </span>
     <span class='ocr_line' id='line_1_34' title="bbox 320 2155 1921 2210; baseline 0 -16"><span class='ocrx_word' id='word_1_299' title='bbox 320 2169 424 2209; x_wconf 76' lang='lat' dir='ltr'>quos</span> <span class='ocrx_word' id='word_1_300' title='bbox 454 2155 641 2196; x_wconf 89' lang='lat' dir='ltr'>Catullus</span> <span class='ocrx_word' id='word_1_301' title='bbox 672 2155 814 2196; x_wconf 89' lang='lat' dir='ltr'>habuit</span> <span class='ocrx_word' id='word_1_302' title='bbox 843 2156 971 2197; x_wconf 89' lang='lat' dir='ltr'>fuisse</span> <span class='ocrx_word' id='word_1_303' title='bbox 1001 2157 1121 2197; x_wconf 87' lang='lat' dir='ltr'>etiam</span> <span class='ocrx_word' id='word_1_304' title='bbox 1146 2155 1300 2197; x_wconf 86' lang='lat' dir='ltr'>Rufum</span> <span class='ocrx_word' id='word_1_305' title='bbox 1333 2169 1457 2210; x_wconf 88' lang='lat' dir='ltr'>supra</span> <span class='ocrx_word' id='word_1_306' title='bbox 1487 2156 1681 2207; x_wconf 89' lang='lat' dir='ltr'>vidimus,</span> <span class='ocrx_word' id='word_1_307' title='bbox 1716 2156 1759 2195; x_wconf 92' lang='lat' dir='ltr'>in</span> <span class='ocrx_word' id='word_1_308' title='bbox 1791 2166 1921 2208; x_wconf 86' lang='lat' dir='ltr'>quem-</span> 
     </span>
     <span class='ocr_line' id='line_1_35' title="bbox 319 2213 1923 2268; baseline 0 -15"><span class='ocrx_word' id='word_1_309' title='bbox 319 2213 463 2254; x_wconf 84' lang='lat' dir='ltr'>acerbe</span> <span class='ocrx_word' id='word_1_310' title='bbox 499 2214 708 2254; x_wconf 86' lang='lat' dir='ltr'>invehitur</span> <span class='ocrx_word' id='word_1_311' title='bbox 748 2218 867 2267; x_wconf 89' lang='lat' dir='ltr'>poeta</span> <span class='ocrx_word' id='word_1_312' title='bbox 903 2227 936 2257; x_wconf 91' lang='lat' dir='ltr'>c.</span> <span class='ocrx_word' id='word_1_313' title='bbox 979 2213 1159 2264; x_wconf 86' lang='lat' dir='ltr'>LXXII,</span> <span class='ocrx_word' id='word_1_314' title='bbox 1213 2214 1322 2268; x_wconf 93' lang='lat' dir='ltr'>quod</span> <span class='ocrx_word' id='word_1_315' title='bbox 1360 2215 1500 2254; x_wconf 88' lang='lat' dir='ltr'>omnia</span> <span class='ocrx_word' id='word_1_316' title='bbox 1547 2214 1679 2254; x_wconf 87' lang='lat' dir='ltr'>amico</span> <span class='ocrx_word' id='word_1_317' title='bbox 1721 2213 1923 2266; x_wconf 85' lang='lat' dir='ltr'>eripuerit</span> 
     </span>
     <span class='ocr_line' id='line_1_36' title="bbox 321 2271 1917 2325; baseline 0 -14"><span class='ocrx_word' id='word_1_318' title='bbox 321 2272 436 2312; x_wconf 85' lang='lat' dir='ltr'>bona.</span> <span class='ocrx_word' id='word_1_319' title='bbox 483 2271 594 2312; x_wconf 87' lang='lat' dir='ltr'>Num</span> <span class='ocrx_word' id='word_1_320' title='bbox 627 2272 725 2325; x_wconf 75' lang='lat' dir='ltr'>quid</span> <span class='ocrx_word' id='word_1_321' title='bbox 750 2285 824 2313; x_wconf 84' lang='lat' dir='ltr'>nos</span> <span class='ocrx_word' id='word_1_322' title='bbox 853 2273 894 2312; x_wconf 90' lang='lat' dir='ltr'>in</span> <span class='ocrx_word' id='word_1_323' title='bbox 929 2273 1092 2313; x_wconf 90' lang='lat' dir='ltr'>aemulo</span> <span class='ocrx_word' id='word_1_324' title='bbox 1122 2272 1192 2313; x_wconf 92' lang='lat' dir='ltr'>illo</span> <span class='ocrx_word' id='word_1_325' title='bbox 1224 2272 1277 2314; x_wconf 89' lang='lat' dir='ltr'>M.</span> <span class='ocrx_word' id='word_1_326' title='bbox 1310 2271 1495 2313; x_wconf 90' lang='lat' dir='ltr'>Caelium</span> <span class='ocrx_word' id='word_1_327' title='bbox 1526 2271 1683 2312; x_wconf 77' lang='lat' dir='ltr'>Rufum</span> <span class='ocrx_word' id='word_1_328' title='bbox 1715 2277 1917 2312; x_wconf 88' lang='lat' dir='ltr'>oratorem</span> 
     </span>
     <span class='ocr_line' id='line_1_37' title="bbox 321 2329 1919 2385; baseline -0.001 -15"><span class='ocrx_word' id='word_1_329' title='bbox 321 2342 543 2383; x_wconf 74' lang='lat' dir='ltr'>agnoscere</span> <span class='ocrx_word' id='word_1_330' title='bbox 585 2330 723 2372; x_wconf 78' lang='lat' dir='ltr'>vetat?</span> <span class='ocrx_word' id='word_1_331' title='bbox 766 2355 819 2359; x_wconf 92' lang='lat'>-—</span> <span class='ocrx_word' id='word_1_332' title='bbox 865 2329 983 2379; x_wconf 80' lang='lat' dir='ltr'>Quod</span> <span class='ocrx_word' id='word_1_333' title='bbox 1020 2330 1126 2371; x_wconf 89' lang='lat' dir='ltr'>bene</span> <span class='ocrx_word' id='word_1_334' title='bbox 1166 2335 1467 2385; x_wconf 85' lang='lat' dir='ltr'>perspexerunt</span> <span class='ocrx_word' id='word_1_335' title='bbox 1508 2329 1710 2382; x_wconf 89' lang='lat' dir='ltr'>Muretus,</span> <span class='ocrx_word' id='word_1_336' title='bbox 1750 2329 1919 2381; x_wconf 83' lang='lat' dir='ltr'>Statius,</span> 
     </span>
     <span class='ocr_line' id='line_1_38' title="bbox 325 2387 1920 2449; baseline 0 -21"><span class='ocrx_word' id='word_1_337' title='bbox 325 2387 874 2440; x_wconf 68' lang='lat' dir='ltr'>Niebuhriusf’).Teuffelius,</span> <span class='ocrx_word' id='word_1_338' title='bbox 903 2388 1273 2442; x_wconf 66' lang='lat' dir='ltr'>‹Iungclaussenus⁴</span> <span class='ocrx_word' id='word_1_339' title='bbox 1321 2388 1470 2429; x_wconf 90' lang='lat' dir='ltr'>Nonne</span> <span class='ocrx_word' id='word_1_340' title='bbox 1490 2387 1637 2449; x_wconf 80' lang='lat' dir='ltr'>Rufus,</span> <span class='ocrx_word' id='word_1_341' title='bbox 1669 2389 1790 2428; x_wconf 89' lang='lat' dir='ltr'>cuius</span> <span class='ocrx_word' id='word_1_342' title='bbox 1807 2390 1920 2428; x_wconf 84' lang='lat' dir='ltr'>aetas</span> 
     </span>
     <span class='ocr_line' id='line_1_39' title="bbox 323 2445 1922 2501; baseline 0.001 -17"><span class='ocrx_word' id='word_1_343' title='bbox 323 2459 346 2485; x_wconf 87' lang='lat' dir='ltr'>a</span> <span class='ocrx_word' id='word_1_344' title='bbox 376 2445 523 2485; x_wconf 84' lang='lat' dir='ltr'>Catulli</span> <span class='ocrx_word' id='word_1_345' title='bbox 566 2450 695 2487; x_wconf 86' lang='lat' dir='ltr'>aetate</span> <span class='ocrx_word' id='word_1_346' title='bbox 740 2459 822 2487; x_wconf 88' lang='lat' dir='ltr'>non</span> <span class='ocrx_word' id='word_1_347' title='bbox 869 2446 1119 2498; x_wconf 85' lang='lat' dir='ltr'>discrepat,⁷)</span> <span class='ocrx_word' id='word_1_348' title='bbox 1179 2448 1249 2501; x_wconf 88' lang='lat' dir='ltr'>qui</span> <span class='ocrx_word' id='word_1_349' title='bbox 1296 2452 1344 2488; x_wconf 90' lang='lat' dir='ltr'>ut</span> <span class='ocrx_word' id='word_1_350' title='bbox 1386 2446 1574 2488; x_wconf 88' lang='lat' dir='ltr'>Catullus</span> <span class='ocrx_word' id='word_1_351' title='bbox 1618 2448 1706 2500; x_wconf 92' lang='lat' dir='ltr'>ipse</span> <span class='ocrx_word' id='word_1_352' title='bbox 1749 2445 1922 2486; x_wconf 82' lang='lat' dir='ltr'>libidine</span> 
     </span>
     <span class='ocr_line' id='line_1_40' title="bbox 323 2503 1930 2558; baseline 0.001 -16"><span class='ocrx_word' id='word_1_353' title='bbox 323 2504 566 2554; x_wconf 87' lang='lat' dir='ltr'>vehementi,</span> <span class='ocrx_word' id='word_1_354' title='bbox 603 2517 752 2557; x_wconf 83' lang='lat' dir='ltr'>magno</span> <span class='ocrx_word' id='word_1_355' title='bbox 789 2503 967 2558; x_wconf 83' lang='lat' dir='ltr'>ingenio,</span> <span class='ocrx_word' id='word_1_356' title='bbox 1003 2505 1246 2555; x_wconf 87' lang='lat' dir='ltr'>urbanitate,</span> <span class='ocrx_word' id='word_1_357' title='bbox 1283 2506 1408 2545; x_wconf 91' lang='lat' dir='ltr'>animi</span> <span class='ocrx_word' id='word_1_358' title='bbox 1446 2504 1643 2557; x_wconf 75' lang='lat' dir='ltr'>fervoress)</span> <span class='ocrx_word' id='word_1_359' title='bbox 1679 2505 1930 2558; x_wconf 78' lang='lat' dir='ltr'>impetuque</span> 
     </span>
     <span class='ocr_line' id='line_1_41' title="bbox 324 2561 1926 2617; baseline 0.001 -16"><span class='ocrx_word' id='word_1_360' title='bbox 324 2561 559 2611; x_wconf 77' lang='lat' dir='ltr'>excellebat,</span> <span class='ocrx_word' id='word_1_361' title='bbox 591 2562 738 2602; x_wconf 80' lang='lat' dir='ltr'>Catulli</span> <span class='ocrx_word' id='word_1_362' title='bbox 760 2564 919 2603; x_wconf 84' lang='lat' dir='ltr'>amicus</span> <span class='ocrx_word' id='word_1_363' title='bbox 934 2563 1060 2603; x_wconf 87' lang='lat' dir='ltr'>fuisse</span> <span class='ocrx_word' id='word_1_364' title='bbox 1085 2563 1241 2617; x_wconf 81' lang='lat' dir='ltr'>potest?</span> <span class='ocrx_word' id='word_1_365' title='bbox 1273 2587 1328 2593; x_wconf 91' lang='lat'>——</span> <span class='ocrx_word' id='word_1_366' title='bbox 1359 2562 1446 2604; x_wconf 88' lang='lat' dir='ltr'>Nec</span> <span class='ocrx_word' id='word_1_367' title='bbox 1470 2563 1628 2603; x_wconf 81' lang='lat' dir='ltr'>resistit</span> <span class='ocrx_word' id='word_1_368' title='bbox 1658 2562 1926 2616; x_wconf 74' lang='lat' dir='ltr'>explicationi:</span> 
     </span>
     <span class='ocr_line' id='line_1_42' title="bbox 324 2619 1927 2674; baseline 0.001 -15"><span class='ocrx_word' id='word_1_369' title='bbox 324 2625 485 2659; x_wconf 83' lang='lat' dir='ltr'>nostrae</span> <span class='ocrx_word' id='word_1_370' title='bbox 507 2619 614 2671; x_wconf 79' lang='lat' dir='ltr'>quod</span> <span class='ocrx_word' id='word_1_371' title='bbox 639 2619 823 2661; x_wconf 87' lang='lat' dir='ltr'>Catullus</span> <span class='ocrx_word' id='word_1_372' title='bbox 845 2621 1061 2661; x_wconf 88' lang='lat' dir='ltr'>nefandam</span> <span class='ocrx_word' id='word_1_373' title='bbox 1074 2621 1241 2662; x_wconf 88' lang='lat' dir='ltr'>fellandi</span> <span class='ocrx_word' id='word_1_374' title='bbox 1261 2620 1510 2674; x_wconf 79' lang='lat' dir='ltr'>libidinem9)</span> <span class='ocrx_word' id='word_1_375' title='bbox 1527 2619 1662 2661; x_wconf 90' lang='lat' dir='ltr'>Caelio</span> <span class='ocrx_word' id='word_1_376' title='bbox 1684 2619 1927 2674; x_wconf 54' lang='lat' dir='ltr'>exprobrat.</span> 
     </span>
    </p>
   </div>
   <div class='ocr_carea' id='block_1_3' title="bbox 322 2689 480 2695">
    <p class='ocr_par' dir='ltr' id='par_1_3' title="bbox 322 2689 480 2695">
     <span class='ocr_line' id='line_1_43' title="bbox 322 2689 480 2695; baseline 0 0"><span class='ocrx_word' id='word_1_377' title='bbox 322 2689 480 2695; x_wconf 95' lang='lat' dir='ltr'> </span> 
     </span>
    </p>
   </div>
   <div class='ocr_carea' id='block_1_4' title="bbox 324 2709 1928 2988">
    <p class='ocr_par' dir='ltr' id='par_1_4' title="bbox 324 2709 1928 2988">
     <span class='ocr_line' id='line_1_44' title="bbox 466 2709 1917 2755; baseline 0.002 -12"><span class='ocrx_word' id='word_1_378' title='bbox 466 2710 490 2751; x_wconf 88' lang='lat'>¹)</span> <span class='ocrx_word' id='word_1_379' title='bbox 515 2709 610 2752; x_wconf 78' lang='lat' dir='ltr'>Quae</span> <span class='ocrx_word' id='word_1_380' title='bbox 640 2711 745 2745; x_wconf 77' lang='lat' dir='ltr'>verba</span> <span class='ocrx_word' id='word_1_381' title='bbox 774 2714 866 2746; x_wconf 87' lang='lat' dir='ltr'>recte</span> <span class='ocrx_word' id='word_1_382' title='bbox 898 2711 1092 2746; x_wconf 78' lang='lat' dir='ltr'>vindicavit</span> <span class='ocrx_word' id='word_1_383' title='bbox 1122 2710 1299 2746; x_wconf 81' lang='lat' dir='ltr'>vahlenus</span> <span class='ocrx_word' id='word_1_384' title='bbox 1329 2711 1364 2745; x_wconf 89' lang='lat' dir='ltr'>in</span> <span class='ocrx_word' id='word_1_385' title='bbox 1395 2721 1545 2755; x_wconf 88' lang='lat' dir='ltr'>prooem.</span> <span class='ocrx_word' id='word_1_386' title='bbox 1578 2711 1648 2746; x_wconf 87' lang='lat' dir='ltr'>ind.</span> <span class='ocrx_word' id='word_1_387' title='bbox 1682 2711 1760 2747; x_wconf 83' lang='lat' dir='ltr'>lect.</span> <span class='ocrx_word' id='word_1_388' title='bbox 1803 2709 1917 2746; x_wconf 82' lang='lat' dir='ltr'>Berol.</span> 
     </span>
     <span class='ocr_line' id='line_1_45' title="bbox 324 2756 1918 2801; baseline 0.001 -10"><span class='ocrx_word' id='word_1_389' title='bbox 324 2756 712 2799; x_wconf 71' lang='lat' dir='ltr'>hib.aun1187÷›!1880.</span> <span class='ocrx_word' id='word_1_390' title='bbox 741 2777 780 2782; x_wconf 89' lang='lat'><strong>—</strong></span> <span class='ocrx_word' id='word_1_391' title='bbox 810 2758 844 2792; x_wconf 77' lang='lat' dir='ltr'>cf</span> <span class='ocrx_word' id='word_1_392' title='bbox 866 2757 996 2792; x_wconf 81' lang='lat' dir='ltr'>Metelli</span> <span class='ocrx_word' id='word_1_393' title='bbox 1010 2757 1461 2801; x_wconf 75' lang='lat' dir='ltr'>litterasmogantissimas</span> <span class='ocrx_word' id='word_1_394' title='bbox 1487 2757 1559 2792; x_wconf 81' lang='lat' dir='ltr'>Cic</span> <span class='ocrx_word' id='word_1_395' title='bbox 1584 2758 1627 2793; x_wconf 85' lang='lat' dir='ltr'>ad</span> <span class='ocrx_word' id='word_1_396' title='bbox 1647 2758 1727 2793; x_wconf 82' lang='lat' dir='ltr'>fam.</span> <span class='ocrx_word' id='word_1_397' title='bbox 1739 2757 1784 2799; x_wconf 82' lang='lat' dir='ltr'>V,</span> <span class='ocrx_word' id='word_1_398' title='bbox 1807 2757 1918 2792; x_wconf 82' lang='lat' dir='ltr'>initio.</span> 
     </span>
     <span class='ocr_line' id='line_1_46' title="bbox 325 2802 1916 2849; baseline 0.001 -12"><span class='ocrx_word' id='word_1_399' title='bbox 325 2803 354 2844; x_wconf 84' lang='lat'>²)</span> <span class='ocrx_word' id='word_1_400' title='bbox 385 2803 456 2837; x_wconf 85' lang='lat' dir='ltr'>Cic.</span> <span class='ocrx_word' id='word_1_401' title='bbox 492 2813 522 2846; x_wconf 87' lang='lat' dir='ltr'>p.</span> <span class='ocrx_word' id='word_1_402' title='bbox 550 2803 585 2837; x_wconf 91' lang='lat' dir='ltr'>C.</span> <span class='ocrx_word' id='word_1_403' title='bbox 611 2804 629 2847; x_wconf 65' lang='grc' dir='ltr'>ξ</span> <span class='ocrx_word' id='word_1_404' title='bbox 663 2808 683 2837; x_wconf 86' lang='grc'>6</span> <span class='ocrx_word' id='word_1_405' title='bbox 707 2806 742 2837; x_wconf 79' lang='lat' dir='ltr'>et</span> <span class='ocrx_word' id='word_1_406' title='bbox 772 2804 792 2846; x_wconf 66' lang='grc' dir='ltr'>ξ</span> <span class='ocrx_word' id='word_1_407' title='bbox 824 2808 879 2839; x_wconf 85' lang='grc'><strong>36.</strong></span> <span class='ocrx_word' id='word_1_408' title='bbox 931 2803 958 2848; x_wconf 80' lang='lat'>⁸)</span> <span class='ocrx_word' id='word_1_409' title='bbox 1002 2803 1187 2846; x_wconf 83' lang='lat' dir='ltr'>Drumann,</span> <span class='ocrx_word' id='word_1_410' title='bbox 1219 2804 1298 2837; x_wconf 75' lang='lat' dir='ltr'>hist.</span> <span class='ocrx_word' id='word_1_411' title='bbox 1334 2802 1429 2838; x_wconf 88' lang='lat' dir='ltr'>Rom.</span> <span class='ocrx_word' id='word_1_412' title='bbox 1461 2804 1506 2839; x_wconf 92' lang='lat'>11.</span> <span class='ocrx_word' id='word_1_413' title='bbox 1533 2808 1608 2840; x_wconf 86' lang='lat'>377.</span> <span class='ocrx_word' id='word_1_414' title='bbox 1617 2813 1661 2840; x_wconf 75' lang='lat'>22.</span> <span class='ocrx_word' id='word_1_415' title='bbox 1710 2803 1787 2849; x_wconf 85' lang='lat'>⁴)1.</span> <span class='ocrx_word' id='word_1_416' title='bbox 1816 2815 1847 2839; x_wconf 88' lang='grc' dir='ltr'><strong>ο.</strong></span> <span class='ocrx_word' id='word_1_417' title='bbox 1883 2813 1916 2848; x_wconf 87' lang='lat' dir='ltr'>p.</span> 
     </span>
     <span class='ocr_line' id='line_1_47' title="bbox 324 2849 1927 2895; baseline 0.001 -11"><span class='ocrx_word' id='word_1_418' title='bbox 324 2852 369 2885; x_wconf 76' lang='lat'>64</span> <span class='ocrx_word' id='word_1_419' title='bbox 395 2859 466 2892; x_wconf 81' lang='lat' dir='ltr'>sqq.</span> <span class='ocrx_word' id='word_1_420' title='bbox 515 2849 547 2891; x_wconf 63' lang='grc' dir='ltr'>δ)</span> <span class='ocrx_word' id='word_1_421' title='bbox 571 2859 603 2893; x_wconf 88' lang='lat' dir='ltr'>p.</span> <span class='ocrx_word' id='word_1_422' title='bbox 629 2849 664 2884; x_wconf 89' lang='lat' dir='ltr'>C.</span> <span class='ocrx_word' id='word_1_423' title='bbox 690 2854 743 2884; x_wconf 85' lang='lat'>30.</span> <span class='ocrx_word' id='word_1_424' title='bbox 750 2859 792 2884; x_wconf 65' lang='lat' dir='ltr'>7.ss</span> <span class='ocrx_word' id='word_1_425' title='bbox 843 2850 874 2894; x_wconf 75' lang='lat'>¹⁸)</span> <span class='ocrx_word' id='word_1_426' title='bbox 897 2850 987 2885; x_wconf 82' lang='lat' dir='ltr'>Mus.</span> <span class='ocrx_word' id='word_1_427' title='bbox 1013 2849 1120 2884; x_wconf 84' lang='lat' dir='ltr'>Rhen.</span> <span class='ocrx_word' id='word_1_428' title='bbox 1146 2850 1192 2885; x_wconf 91' lang='lat'>11.</span> <span class='ocrx_word' id='word_1_429' title='bbox 1220 2853 1297 2886; x_wconf 80' lang='grc'><strong>598.</strong></span> <span class='ocrx_word' id='word_1_430' title='bbox 1325 2849 1350 2894; x_wconf 83' lang='grc' dir='ltr'>τ)</span> <span class='ocrx_word' id='word_1_431' title='bbox 1375 2849 1513 2885; x_wconf 84' lang='lat' dir='ltr'>Caelius</span> <span class='ocrx_word' id='word_1_432' title='bbox 1537 2851 1659 2885; x_wconf 88' lang='lat' dir='ltr'>eodem</span> <span class='ocrx_word' id='word_1_433' title='bbox 1675 2861 1763 2886; x_wconf 85' lang='lat' dir='ltr'>anno</span> <span class='ocrx_word' id='word_1_434' title='bbox 1787 2849 1927 2895; x_wconf 54' lang='lat' dir='ltr'>owse?</span> 
     </span>
     <span class='ocr_line' id='line_1_48' title="bbox 325 2894 1921 2940; baseline 0 -10"><span class='ocrx_word' id='word_1_435' title='bbox 325 2905 393 2940; x_wconf 88' lang='lat' dir='ltr'>quo</span> <span class='ocrx_word' id='word_1_436' title='bbox 428 2895 582 2929; x_wconf 85' lang='lat' dir='ltr'>Licinius</span> <span class='ocrx_word' id='word_1_437' title='bbox 619 2894 756 2936; x_wconf 78' lang='lat' dir='ltr'>Calvus,</span> <span class='ocrx_word' id='word_1_438' title='bbox 793 2901 906 2931; x_wconf 85' lang='lat' dir='ltr'>orator</span> <span class='ocrx_word' id='word_1_439' title='bbox 941 2900 976 2931; x_wconf 86' lang='lat' dir='ltr'>et</span> <span class='ocrx_word' id='word_1_440' title='bbox 1011 2900 1111 2939; x_wconf 84' lang='lat' dir='ltr'>poeta</span> <span class='ocrx_word' id='word_1_441' title='bbox 1146 2897 1220 2940; x_wconf 87' lang='lat' dir='ltr'>ipse</span> <span class='ocrx_word' id='word_1_442' title='bbox 1256 2907 1391 2940; x_wconf 87' lang='lat' dir='ltr'>quoque</span> <span class='ocrx_word' id='word_1_443' title='bbox 1435 2896 1567 2932; x_wconf 81' lang='lat' dir='ltr'>Catullo</span> <span class='ocrx_word' id='word_1_444' title='bbox 1604 2897 1850 2939; x_wconf 79' lang='lat' dir='ltr'>amicissimus,</span> <span class='ocrx_word' id='word_1_445' title='bbox 1882 2897 1921 2931; x_wconf 85' lang='lat' dir='ltr'>et</span> 
     </span>
     <span class='ocr_line' id='line_1_49' title="bbox 325 2940 1928 2988; baseline 0.002 -13"><span class='ocrx_word' id='word_1_446' title='bbox 325 2940 480 2976; x_wconf 73' lang='lat' dir='ltr'>Catullus</span> <span class='ocrx_word' id='word_1_447' title='bbox 503 2942 577 2985; x_wconf 77' lang='lat' dir='ltr'>ipse</span> <span class='ocrx_word' id='word_1_448' title='bbox 606 2942 708 2976; x_wconf 83' lang='lat' dir='ltr'>na&#39;tus</span> <span class='ocrx_word' id='word_1_449' title='bbox 732 2946 793 2977; x_wconf 86' lang='lat' dir='ltr'>est.</span> <span class='ocrx_word' id='word_1_450' title='bbox 843 2944 873 2987; x_wconf 78' lang='lat'>8)</span> <span class='ocrx_word' id='word_1_451' title='bbox 897 2942 973 2985; x_wconf 79' lang='lat' dir='ltr'>Qua</span> <span class='ocrx_word' id='word_1_452' title='bbox 997 2943 1039 2977; x_wconf 86' lang='lat' dir='ltr'>de</span> <span class='ocrx_word' id='word_1_453' title='bbox 1064 2953 1170 2978; x_wconf 71' lang='lat' dir='ltr'>causa</span> <span class='ocrx_word' id='word_1_454' title='bbox 1192 2941 1361 2978; x_wconf 79' lang='lat' dir='ltr'>aVellcio</span> <span class='ocrx_word' id='word_1_455' title='bbox 1387 2942 1566 2978; x_wconf 82' lang='lat' dir='ltr'>Paterculo</span> <span class='ocrx_word' id='word_1_456' title='bbox 1579 2943 1624 2979; x_wconf 91' lang='lat'>11.</span> <span class='ocrx_word' id='word_1_457' title='bbox 1650 2945 1696 2979; x_wconf 73' lang='lat'>68</span> <span class='ocrx_word' id='word_1_458' title='bbox 1721 2941 1928 2988; x_wconf 70' lang='lat' dir='ltr'>„ingeniose</span> 
     </span>
    </p>
   </div>
   <div class='ocr_carea' id='block_1_5' title="bbox 326 2988 1928 3078">
    <p class='ocr_par' dir='ltr' id='par_1_5' title="bbox 326 2988 1928 3071">
     <span class='ocr_line' id='line_1_50' title="bbox 326 2988 1928 3034; baseline 0.001 -12"><span class='ocrx_word' id='word_1_459' title='bbox 326 2999 390 3032; x_wconf 86' lang='lat' dir='ltr'>neq</span> <span class='ocrx_word' id='word_1_460' title='bbox 392 2990 496 3022; x_wconf 78' lang='lat' dir='ltr'>uam‘</span> <span class='ocrx_word' id='word_1_461' title='bbox 532 2988 731 3032; x_wconf 80' lang='lat' dir='ltr'>a.ppellatur</span> <span class='ocrx_word' id='word_1_462' title='bbox 805 2989 834 3032; x_wconf 86' lang='lat'>⁹)</span> <span class='ocrx_word' id='word_1_463' title='bbox 870 2988 928 3024; x_wconf 87' lang='lat' dir='ltr'>Sic</span> <span class='ocrx_word' id='word_1_464' title='bbox 970 2991 1064 3023; x_wconf 82' lang='lat' dir='ltr'>recte</span> <span class='ocrx_word' id='word_1_465' title='bbox 1101 2989 1194 3024; x_wconf 87' lang='lat' dir='ltr'>hune</span> <span class='ocrx_word' id='word_1_466' title='bbox 1229 2999 1369 3024; x_wconf 83' lang='lat' dir='ltr'>versum</span> <span class='ocrx_word' id='word_1_467' title='bbox 1405 2989 1560 3034; x_wconf 86' lang='lat' dir='ltr'>Scaliger</span> <span class='ocrx_word' id='word_1_468' title='bbox 1592 2989 1774 3034; x_wconf 85' lang='lat' dir='ltr'>intellexit,</span> <span class='ocrx_word' id='word_1_469' title='bbox 1807 2989 1852 3025; x_wconf 71' lang='lat' dir='ltr'>cf.</span> <span class='ocrx_word' id='word_1_470' title='bbox 1889 2999 1928 3024; x_wconf 86' lang='lat' dir='ltr'>c</span> 
     </span>
     <span class='ocr_line' id='line_1_51' title="bbox 327 3033 1158 3078; baseline 0.002 -10"><span class='ocrx_word' id='word_1_471' title='bbox 327 3033 562 3069; x_wconf 83' lang='lat' dir='ltr'>LXXXXIX.</span> <span class='ocrx_word' id='word_1_472' title='bbox 594 3038 649 3078; x_wconf 82' lang='lat'>103</span> <span class='ocrx_word' id='word_1_473' title='bbox 675 3034 826 3077; x_wconf 87' lang='lat' dir='ltr'><strong>LXXX·</strong></span> <span class='ocrx_word' id='word_1_474' title='bbox 851 3034 990 3070; x_wconf 76' lang='lat' dir='ltr'>Martial</span> <span class='ocrx_word' id='word_1_475' title='bbox 1014 3034 1077 3070; x_wconf 88' lang='lat' dir='ltr'>XI.</span> <span class='ocrx_word' id='word_1_476' title='bbox 1104 3038 1158 3071; x_wconf 87' lang='grc'><strong>30.</strong></span> 
     </span>
    </p>
   </div>
  </div>
 </body>
</html>
