1976 3294
987 176 1269 216 ,32-

337 320 500 372 ἀοιδῆς.
555 316 738 357 Similem
759 314 943 355 Platonis
964 315 1150 368 Sympos.
1192 314 1342 365 locum,
1365 314 1459 365 189,
1475 313 1542 354 hic
1564 313 1684 355 liceat
1703 312 1929 355 adsribere:

338 372 416 424 ἐγώ
472 368 547 412 οὖν
585 369 851 422 πειράσομαι
899 369 999 420 ὑμῖν
1043 369 1354 423 εῖςηγῆσασθαι
1400 366 1476 422 τήν
1532 368 1717 421 δύναμιν
1779 369 1931 419 αὐτοῦ,

342 426 460 476 fines,-
489 425 536 466 δὲ
567 426 652 464 τῶν
682 422 823 463 ἄλλων
851 422 1108 463 διδάσκαλοι
1141 419 1310 463 ἔσεσθε.
1346 446 1393 451 -

474 492 514 522 v.
545 480 622 523 46.
684 479 762 520 Per
792 479 962 533 longum
1009 483 1174 532 tempus
1221 490 1303 532 quo
1349 477 1549 530 lectorum
1596 477 1790 520 manibus
1833 478 1931 519 trita

335 543 394 579 est
410 543 663 579 senectutem
688 538 805 590 quasi
837 542 955 577 nacta
986 537 1125 577 charta
1146 536 1216 576 illa
1232 535 1364 589 lepide
1381 535 1533 576 dicitur
1562 536 1726 589 „anus“.
1757 535 1932 590 Saepius

335 597 389 636 ita
418 598 628 637 invenitur
658 596 809 643 „anus“
841 595 1040 635 adiective
1056 595 1241 648 adposita
1264 593 1516 635 advocabula
1537 593 1728 634 feminini
1754 595 1928 648 generis.

335 654 383 695 cf.
421 667 452 694 c.
484 653 700 704 LXXVII,
736 653 805 693 10:
851 652 960 692 fama
996 652 1191 706 loquetur
1227 664 1351 702 anus;
1399 651 1516 693 Mart.
1547 651 1646 693 XII.
1684 654 1760 693 4.4:
1821 651 1929 693 fama

334 712 462 752 fuisse
492 712 660 765 loquax,
694 710 916 763 chartaque
953 711 1059 751 dicet
1098 723 1222 760 anus,
1266 709 1371 751 Plin.
1410 709 1548 752 XVII.
1581 712 1626 750 5:
1664 714 1774 751 terra
1812 723 1928 752 anus.

336 770 546 810 Adiective
577 769 674 809 dicit
703 769 785 808 iam
817 768 1013 809 Plautus:
1047 781 1155 809 uxor
1185 781 1299 809 anus.
1361 768 1466 809 Item
1499 769 1672 820 „senex“
1705 773 1933 822 usurpatur

333 828 544 878 adiective,
573 827 620 867 cf.
654 826 741 866 loco
772 838 824 866 ex
856 831 995 867 nostro
1025 828 1253 867 imitatione
1284 838 1491 880 expresso,
1538 826 1617 868 Cir.
1650 828 1723 868 41:
1765 830 1930 879 „nostra

334 893 452 926 tuum
490 885 657 926 senibus
689 884 926 937 loqueretur
955 886 1104 938 pagina
1135 884 1315 926 saeclis.“
1376 883 1576 925 Martialis
1612 885 1711 926 item
1748 885 1929 939 scripsit:

336 956 454 984 senes
492 943 620 987 mulli,
655 955 774 982 senes
805 943 925 994 cycni
957 949 1031 984 etc.
1070 967 1116 973 —-
1160 942 1435 983 Valckenario
1452 943 1521 996 (ad
1552 942 1695 997 Eurip.
1716 942 1928 984 Phoeniss.

335 1015 371 1043 v.
400 1001 509 1053 103).
555 1000 741 1041 Catullus
773 1000 848 1040 hoc
881 1003 1133 1055 expressisse
1146 1001 1310 1042 videtur
1340 1013 1393 1041 ex
1422 1001 1652 1055 fragmento
1675 1001 1926 1053 Aeschyleo:

334 1062 396 1111 (ὃς
438 1062 543 1114 λέγει
593 1061 717 1113 γέρον
763 1060 956 1114 γράμμα.
1015 1059 1174 1101 Similia
1220 1058 1343 1099 habet
1383 1059 1549 1102 Theocr.
1624 1059 1684 1101 Id.
1722 1059 1816 1112 VH,
1857 1061 1927 1100 17:

334 1122 470 1174 γέρων
498 1119 673 1170 πέπλος,·
718 1116 863 1169 Odyss.
895 1117 1038 1158 XXII.
1074 1120 1174 1159 184:
1208 1119 1332 1173 γέρον
1361 1120 1505 1168 σάκος.

471 1189 512 1220 v.
543 1174 629 1219 47.
689 1176 737 1216 In
769 1176 855 1218 cod.
888 1175 921 1216 Ο
954 1176 1126 1216 lacunae
1163 1177 1330 1229 signum
1368 1177 1435 1217 hic
1465 1189 1549 1217 non
1587 1179 1660 1229 est,
1700 1174 1741 1217 in
1774 1174 1860 1217 cod.
1893 1174 1929 1216 G

334 1236 460 1276 unius
496 1235 856 1287 versus.spatium
894 1247 1075 1275 vacuum
1113 1239 1175 1276 est
1211 1238 1252 1275 et
1292 1235 1336 1275 in
1387 1235 1574 1289 margine
1613 1234 1782 1288 legitur:
1820 1232 1927 1283 defit.

333 1293 483 1334 excidit
514 1297 622 1333 certe
649 1304 795 1332 versus
827 1293 1074 1344 hexameter,
1105 1306 1201 1333 nam
1233 1296 1273 1333 et
1288 1306 1326 1333 V.
1349 1293 1406 1334 46
1438 1297 1478 1333 et
1509 1293 1582 1346 qui
1613 1304 1708 1333 eum
1740 1294 1932 1345 sequitur

332 1364 476 1392 versus
497 1351 740 1404 pentametri
763 1355 870 1391 sunt.
917 1350 1031 1391 Haec
1053 1351 1202 1391 lacuna
1223 1363 1321 1391 casu
1346 1351 1526 1404 quodam
1552 1350 1760 1404 absumpti
1780 1362 1929 1390 versus

332 1410 558 1450 hexametri
589 1409 686 1449 satis
708 1409 844 1462 inepte
874 1410 916 1448 in
935 1409 1184 1462 quibusdam
1215 1408 1438 1462 codicibus,
1470 1410 1530 1450 sic
1558 1410 1603 1450 in
1635 1409 1721 1450 cod.
1738 1407 1930 1449 Parisino

332 1466 545 1519 Senecae¹)
576 1466 737 1520 expleta
768 1471 828 1507 est
851 1467 926 1507 hoc
959 1467 1097 1508 modo:
1131 1467 1349 1519 „omnibus
1363 1472 1404 1508 et
1432 1468 1565 1508 triviis
1581 1467 1777 1521 vulgetur
1790 1465 1929 1507 fabula

331 1526 515 1579 passim.“
575 1524 655 1565 Hic
686 1537 832 1565 versus
861 1526 1026 1579 ineptus
1057 1529 1130 1578 est,
1174 1539 1271 1566 nam
1318 1538 1415 1567 cum
1461 1526 1658 1566 carminis
1703 1525 1928 1578 elegantiae

331 1583 456 1634 obest,
494 1588 582 1624 tum
615 1583 782 1623 omnino
813 1595 947 1624 sermo
978 1596 1059 1625 non
1099 1587 1160 1624 est
1196 1584 1246 1624 de
1276 1596 1320 1624 re
1356 1584 1544 1625 fabulosa
1584 1585 1628 1624 in
1667 1584 1801 1624 triviis
1838 1581 1930 1623 vul·

330 1642 473 1695 ganda.
535 1642 775 1682 Commenta
822 1654 927 1695 quae
972 1643 1015 1682 in
1062 1642 1152 1683 aliis
1199 1642 1410 1684 codicibus
1454 1643 1730 1683 inveniuntur
1759 1640 1929 1683 meliora

331 1713 413 1740 non
445 1704 551 1740 sunt.
598 1698 849 1752 Doeringius
870 1700 1062 1741 lacunam
1095 1701 1231 1752 „inani
1254 1701 1403 1752 studio,
1434 1702 1492 1742 rei
1515 1705 1652 1742 tamen
1685 1704 1725 1741 et
1747 1699 1928 1740 oratione

332 1759 645 1798 convenienter“
663 1758 721 1797 sic
746 1758 936 1811 supplere
967 1762 1139 1800 conatus
1162 1763 1239 1800 est:
1273 1759 1354 1811 „Ut
1378 1759 1511 1812 qualis
1526 1759 1663 1811 fuerit,
1695 1758 1796 1799 dum
1811 1758 1929 1808 vixit,

332 1817 513 1856 carmina
542 1816 878 1869 narrent·‘(quod
900 1816 1152 1870 Usehnerus,
1183 1817 1381 1869 Heysius,
1411 1817 1718 1871 Strombergius
1748 1817 1929 1870 recipere

331 1887 410 1914 non
422 1873 740 1927 dubitaverunt).
758 1873 1041 1916 Froehlichius
1052 1876 1204 1915 mirum
1219 1877 1261 1915 in
1277 1875 1445 1916 modum
1458 1888 1604 1916 versus
1617 1873 1925 1928 transponebat:

330 1934 398 1984 41,
429 1933 496 1983 42,
527 1934 595 1984 45,
625 1934 693 1982 46,
723 1933 791 1984 43,
823 1934 890 1984 44,
921 1934 990 1981 49,
1021 1934 1088 1986 50,
1123 1935 1218 1985 151,
1248 1934 1316 1985 48,
1348 1933 1422 1975 51!
1464 1932 1637 1974 Ellisius
1667 1937 1750 1974 tres
1782 1944 1943 1973 versus.

334 1990 555 2030 desiderari
593 1991 763 2042 censuit,
807 1991 856 2031 A.
900 1990 1083 2032 Weisius
1121 1991 1352 2045 (Handium
1399 1996 1584 2040 secutus)
1629 1993 1742 2032 hunc
1787 1990 1927 2031 locum

329 2049 518 2102 spurium
562 2060 651 2088 esse
694 2049 865 2090 censuit.
934 2048 1207 2102 Schoellius2)
1250 2063 1288 2092 v,
1332 2050 1388 2090 48
1427 2049 1650 2090 delendum
1687 2061 1777 2090 esse
1812 2051 1929 2103 putat

329 2107 468 2147 dicens
499 2107 592 2146 hoc:
626 2106 702 2157 „So
733 2106 894 2148 moohte
925 2107 990 2148 ich
1021 2108 1113 2161 jene
1144 2108 1271 2148 sehon
1302 2120 1384 2148 von
1417 2108 1571 2149 alteren
1594 2107 1806 2148 Kritikern
1838 2119 1929 2148 ver-

330 2165 561 2217 dachtigten
596 2164 737 2205 Worte
768 2165 865 2206 eher
895 2165 955 2206 als
998 2167 1090 2206 eine
1120 2179 1174 2206 zu
1211 2166 1290 2207 den
1330 2165 1553 2207 bildlichen
1585 2166 1744 2207 Versen
1792 2166 1848 2206 49
1887 2163 1926 2206 ff.

329 2222 686 2275 beigeschriebene
723 2222 1018 2264 Parallelstelle
1055 2223 1282 2277 entfernen,
1321 2224 1380 2265 als
1418 2224 1549 2265 durch
1587 2225 1646 2265 sie
1682 2223 1768 2264 und
1806 2223 1927 2264 einen

327 2281 600 2334 zugehorigen
646 2280 897 2322 Hexameter
954 2281 1140 2335 gleichen
1201 2282 1358 2323 Inhalts
1404 2282 1470 2324 die
1514 2281 1627 2323 Rede
1683 2285 1929 2323 verwassert

329 2338 524 2379 denhem-⁴
557 2363 609 2368 —
636 2338 769 2380 Nemo
802 2340 970 2382 sanavit.
1004 2365 1058 2369 —

467 2419 507 2452 v.
538 2406 627 2452 49.
687 2408 750 2450 Ne
782 2421 931 2450 nomen
963 2409 1065 2450 Allii
1096 2409 1324 2451 obsolescat
1363 2414 1434 2451 aut
1470 2410 1677 2452 oblivione
1714 2409 1931 2463 obtegatur

329 2465 513 2507 Catullus
544 2468 722 2519 imagine
752 2479 996 2508 aranearum
1035 2468 1218 2509 adhibita
1255 2469 1470 2523 expressit,
1507 2481 1614 2523 quae
1651 2469 1740 2510 loca
1770 2468 1929 2509 deserta

329 2523 591 2577 obsoletaque
636 2525 726 2566 telis
772 2525 828 2566 ibi
874 2528 1087 2579 suspensis
1130 2526 1355 2568 obscurant
1409 2531 1450 2568 et
1494 2527 1684 2581 squalida
1736 2525 1926 2567 reddunt.

328 2583 635 2635 Araneae,quae
649 2583 1041 2636 dicitur„sublimis“
1056 2585 1120 2639 (ef.
1141 2588 1454 2642 ἀερσιπότητος
1463 2588 1659 2642 ἀράχνης
1675 2581 1929 2638 ΗΘεΕΠΊὸ)

328 2652 352 2679 a
383 2639 482 2679 locis
519 2639 779 2691 sublimibus,
827 2641 896 2681 ubi
942 2646 1109 2684 tenuem
1150 2645 1254 2685 texit
1284 2644 1420 2698 telam,
1465 2645 1667 2698 (imitatus
1713 2646 1775 2684 est
1809 2641 1928 2684 Mart.

328 2697 430 2738 VIII
463 2698 584 2747 3325)
618 2704 728 2739 texta
759 2699 977 2741 oblivionis
1009 2701 1274 2756 neglectusqe
1302 2706 1401 2743 sunt
1436 2703 1566 2757 signa,
1597 2715 1693 2743 nam
1724 2700 1928 2755 imprimis

328 2755 427 2795 locis
463 2755 632 2796 desertis
669 2757 943 2811 desolatisque
988 2759 1270 2801 inveniuntur.
1311 2785 1350 2793 --
1402 2761 1466 2802 Ita
1510 2759 1836 2814 intellegendum
1866 2761 1929 2799 est

326 2812 447 2853 Hom.
480 2812 553 2854 Od.
586 2812 700 2855 XVI.
732 2816 806 2855 34:
836 2820 1078 2873 Ὀδυσσῆος
1098 2820 1148 2861 δέ
1173 2837 1256 2861 που
1287 2820 1388 2875 ειῖνὴ
1421 2823 1547 2876 χήτει
1578 2820 1811 2863 ἐνευναίων
1833 2819 1928 2860 κάκ’

328 2874 515 2925 ἀράχνια
545 2880 682 2915 κεῖται
706 2873 885 2927 ἔχουσα.
915 2874 1081 2917 Theocr.
1099 2875 1215 2919 XVI.
1236 2879 1310 2919 96:
1341 2881 1533 2933 ἀράχνια
1549 2881 1612 2930 εἷς
1631 2877 1723 2922 ὅπλ’
1735 2878 1928 2935 ἀράχναι

460 2999 494 3051 ᾖ)
519 2998 579 3034 Ed.
616 2999 807 3045 Nauckius,
844 3003 905 3047 srg.
944 3007 1022 3039 323.
1085 3003 1117 3047 ²)
1155 3004 1188 3039 h.
1232 3015 1262 3039 e.
1294 3005 1446 3040 Senecae
1489 3006 1651 3048 Camerti,
1701 3006 1744 3042 cf.
1781 3004 1926 3050 Hauptii

326 3044 552 3086 Quaestiones
582 3046 703 3083 Catuli.
733 3059 808 3093 pag.
837 3053 891 3084 42.
943 3049 970 3094 ⁸)
1003 3049 1217 3086 Fleckeiseni
1241 3051 1352 3087 annal.
1380 3052 1446 3088 vol.
1475 3056 1535 3088 121
1566 3052 1686 3098 (1880)
1710 3063 1742 3096 p.
1768 3054 1847 3088 478.
